1779 2897
562 126 686 168 ΜΒ.
726 127 810 168 IX.
885 125 1026 167 CAP.
1065 125 1175 166 XVI
1545 130 1615 183 47

800 283 929 329 XVI

124 388 288 428 Events
328 388 381 440 of
415 397 499 439 319
531 395 628 426 B.C.
691 385 859 426 Aulius
895 385 963 425 the
1001 385 1153 426 consul
1193 385 1360 438 defems
1394 383 1618 424 Frentans

242 446 334 486 ancl
368 445 490 485 takes
523 444 639 485 their
668 443 845 497 capital.
914 443 1003 483 The
1040 443 1162 500 other
1193 443 1346 484 consul
1383 440 1619 495 (Papirius

247 505 411 545 Cursor
425 502 462 554 .?)
487 503 703 543 ((ᾱταησεε
729 506 769 542 to
787 502 1011 543 Satricum
1031 502 1124 542 and
1145 501 1360 542 demands
1380 501 1621 541 sut-render

242 563 296 616 of
308 562 376 601 the
397 561 595 602 Samnite
612 560 834 613 ραννίεοη.

193 653 447 704 Convenit
500 654 604 702 iam
657 653 778 700 inde
833 670 923 715 per
971 653 1208 701 consules
1255 652 1453 714 reliqua
1494 652 1618 700 belli
1644 669 1661 695 1

124 736 361 799 perfecta.
460 735 649 784 Aulius
716 751 834 782 cum
893 734 1171 782 Frentanis
1231 751 1336 781 uno
1397 734 1617 781 secundo

124 817 316 879 proelio
364 816 653 877 debellavit,
701 816 983 878 urbemque
1032 815 1213 877 ipsam,
1261 832 1361 877 quo
1411 831 1462 863 se
1504 815 1620 862 fusa

126 898 412 946 contulerat
444 897 588 958 acies,
619 897 886 945 obsidibus
916 897 1178 958 imperatis
1210 896 1269 944 in
1302 896 1616 944 deditionem

125 981 330 1041 accepit.
405 980 520 1043 pari
550 980 762 1027 fortuna
793 979 973 1026 consul
1005 979 1135 1026 alter
1166 995 1285 1025 cum
1320 978 1613 1038 Satricanis,
1645 999 1662 1023 2

126 1062 215 1125 qui
251 1062 388 1110 cives
420 1061 642 1111 Romani
671 1065 789 1123 post
826 1060 1111 1110 Caudinam
1148 1060 1345 1108 cladem
1381 1060 1445 1107 ad
1482 1060 1620 1108 Sam-

127 1144 263 1192 nites
311 1144 602 1192 defecerant
649 1142 1060 1205 praesidiumque
1108 1158 1287 1190 eorum
1334 1141 1390 1188 in
1438 1141 1619 1188 urbem

125 1228 437 1288 acceperant,
468 1242 578 1273 rem
602 1224 774 1288 gessit.
833 1239 957 1271 nam
981 1240 1099 1270 cum
1122 1223 1186 1271 ad
1210 1222 1416 1270 moenia
1435 1222 1621 1271 Satrici
1641 1240 1661 1277 3

126 1308 363 1355 admotus
394 1309 529 1354 esset
553 1306 806 1354 exercitus
831 1304 1113 1367 legatisque
1146 1304 1323 1352 missis
1354 1304 1417 1351 ad
1441 1320 1620 1366 pacem

125 1405 244 1436 cum
262 1388 500 1451 precibus
517 1388 793 1450 petendam
817 1387 962 1434 triste
991 1402 1297 1447 responsum
1321 1385 1384 1432 ab
1411 1385 1619 1433 consule

125 1470 387 1518 redditum
418 1472 565 1526 esset,
596 1469 699 1516 nisi
713 1468 978 1530 ‚praesidio
1004 1467 1321 1516 Samnitium
1350 1467 1620 1515 interfecto

126 1553 215 1599 aut
237 1551 525 1603 traditolne
561 1552 624 1598 ad
656 1567 708 1599 se
742 1536 1046 1638 remearent),
1078 1549 1194 1610 plus
1228 1566 1285 1597 ea
1307 1566 1430 1597 voce
1466 1565 1620 1611 quam

127 1633 285 1681 armis
335 1605 513 1681 inlatis
571 1632 783 1680 terroris
842 1631 1037 1679 colonis
1094 1630 1357 1679 iniectum.
1447 1631 1619 1693 itaque
1643 1651 1667 1686 4

126 1715 342 1763 subinde
396 1716 707 1763 exsecuntur
762 1713 1051 1776 quaerendo
1101 1729 1131 1760 a
1184 1714 1392 1761 consule
1445 1712 1615 1775 legati,

128 1813 354 1859 quonam
387 1812 439 1845 se
464 1798 614 1858 pacto
650 1812 837 1858 paucos
868 1797 921 1843 et
951 1794 1191 1843 infirmos
1224 1795 1453 1842 crederet
1487 1810 1622 1855 prae-

125 1878 259 1927 sidio
282 1880 393 1926 tam
410 1878 577 1926 valido
603 1879 655 1924 et
679 1880 877 1925 armato
901 1876 1011 1924 vim
1034 1876 1310 1924 adlaturos.
1369 1875 1432 1923 ab
1456 1875 1622 1923 isdem

128 1959 403 2008 consilium
420 1961 593 2021 petere
617 1958 760 2018 iussi,
783 1959 969 2020 quibus
987 1957 1283 2005 auctoribus
1306 1957 1621 2018 praesidium

127 2042 184 2090 in
201 2040 385 2089 urbem
408 2040 734 2103 accepissent,
756 2039 1037 2097 disc-edunt,
1061 2054 1308 2100 aegreque
1325 2037 1616 2100 impetrato,
1644 2059 1664 2097 5

128 2125 186 2170 ut
232 2122 295 2170 de
339 2139 398 2169 ea
440 2138 495 2168 re
545 2120 744 2169 consuli
784 2123 1023 2168 senatum
1069 2135 1413 2182 responsaque
1461 2119 1525 2167 ad
1567 2135 1622 2167 se

128 2204 306 2252 referri
339 2204 546 2263 sineret,
587 2202 650 2250 ad
686 2217 807 2250 suos
842 2201 1075 2250 redeunt.

129 2334 247 2377 Both
260 2334 434 2389 parties
455 2339 500 2375 at
521 2334 743 2375 Satricum
765 2333 863 2386 help
885 2332 954 2373 the
982 2332 1145 2374 consul.
1212 2332 1302 2374 The
1332 2332 1622 2374 anti-Roman

244 2398 381 2447 party
400 2394 495 2434 tells
522 2393 613 2433 him
639 2392 709 2433 the
735 2396 992 2433 morements
1019 2391 1074 2444 of
1095 2391 1164 2432 the
1184 2391 1383 2432 Samnite
1400 2391 1621 2443 ῃαννῐεοη,

248 2453 342 2494 and
362 2452 430 2493 the
442 2452 720 2505 pro-Roman
739 2455 873 2504 party
894 2449 1058 2490 admits
1077 2450 1145 2491 the
1165 2449 1376 2491 Romans.
1427 2449 1622 2490 Pum'sh-

247 2516 366 2552 ment
386 2511 439 2566 of
450 2511 520 2552 the
540 2510 663 2564 chief
675 2509 823 2551 rebels.

198 2605 340 2653 Duae
380 2604 625 2652 factiones
665 2605 907 2651 senatum
945 2601 1275 2659 distinebant,
1317 2617 1436 2660 una,
1475 2599 1663 2650 cuius6
