1779 2897
129 125 201 177 28
713 138 843 178 TITI
900 138 1031 179 LIVI

132 292 193 326 (m
220 289 378 340 receipt
398 288 452 342 of
472 301 598 341 news,
623 288 739 329 there
760 290 800 329 «is
824 289 1002 341 yeneral
1029 289 1295 342 mom·m'ny;
1327 289 1418 330 and
1438 293 1486 329 at
1502 289 1611 340 first

243 359 392 398 anyer,
414 346 515 386 then,
535 348 638 400 pz'ty
657 348 740 400 for
758 347 826 388 the
845 347 1044 390 soldiers.
1107 347 1213 388 New
1233 347 1513 399 mccyz'strates
1532 359 1608 388 are

241 406 481 457 appointed
492 420 508 456 ,·
538 405 761 446 Publilius
781 406 907 447 Philo
937 407 1029 447 ancl
1050 407 1267 459 Papirius
1292 406 1458 447 Cursor
1484 404 1610 458 beinq

243 463 369 504 made
392 464 575 505 consuls.

78 595 100 631 6
192 584 306 631 Iam
365 584 555 632 Romae
615 585 771 632 etiam
837 601 929 632 sua
988 585 1196 632 infamis
1256 584 1422 632 clades
1479 588 1601 633 erat.

126 665 357 713 obsessos
395 666 622 727 primum
664 666 973 715 audierunt:
1015 666 1217 714 tristior
1254 665 1435 713 deinde
1473 665 1608 727 igno-

122 745 370 794 miniosae
407 747 545 808 pacis
584 747 750 809 magis
791 764 946 809 quam
985 747 1198 809 periculi
1233 746 1451 793 nuntius
1492 746 1606 794 fuit.

79 826 185 883 Jad
215 827 408 875 famam
443 828 726 875 obsidionis
762 828 1191 876 dilectushaberi
1224 831 1432 888 coeptus
1465 832 1606 887 erat3

121 907 364 955 dimissus
411 908 596 956 deinde
644 908 956 956 auxiliorum
997 912 1286 970 apparatuS‚
1332 911 1607 970 postquam

121 988 437 1036 deditionem
477 992 588 1037 tam
628 989 775 1037 foede
811 989 1003 1036 factam
1037 992 1379 1050 acceperunt3
1419 992 1606 1037 extem-

121 1069 306 1131 ploque
340 1070 450 1118 sine
487 1070 594 1117 ulla
629 1069 835 1131 publica
869 1069 1173 1117 auctoritate
1210 1086 1521 1118 consensum
1550 1070 1606 1118 in

74 1160 95 1194 S
120 1167 327 1198 omnem
368 1151 588 1198 formam
628 1151 800 1198 luctus
836 1154 944 1199 est:
984 1150 1228 1198 tabernae
1268 1150 1402 1198 circa
1434 1151 1606 1198 sommi

121 1231 321 1278 clausae
362 1231 721 1294 iustitiumque
763 1231 820 1279 in
861 1232 971 1279 foro
1014 1248 1105 1280 sua
1146 1235 1327 1294 sponte
1369 1235 1607 1293 coeptum

119 1311 266 1372 prius
298 1328 453 1374 quam
485 1311 754 1372 indictmn‚
783 1311 878 1359 lati
909 1312 1056 1372 clavi⁷
1085 1311 1230 1359 anuli
1254 1312 1398 1360 aurei
1421 1312 1605 1373 positi;

72 1409 96 1448 9
119 1408 280 1453 paene
338 1392 582 1440 maestior
638 1393 867 1442 exercitu
924 1393 1038 1454 ipso
1097 1393 1279 1440 civitas
1335 1408 1464 1453 esse,
1512 1408 1605 1441 nec

119 1472 336 1520 ducibus
387 1473 558 1521 solum
610 1479 762 1536 atque
816 1474 1113 1522 auctoribus
1170 1474 1605 1537 sponsoribusque

117 1554 257 1616 pacis
293 1554 458 1615 irasci,
500 1555 589 1602 sed
628 1555 869 1602 innoxios
907 1555 1067 1603 etiam
1107 1555 1302 1602 milites
1345 1555 1516 1603 odisse
1552 1559 1603 1603 et

45 1648 94 1675 10
116 1650 303 1696 negare
345 1635 471 1683 urbe
512 1636 729 1683 tectisve
776 1635 1109 1697 accipiendos.
1185 1652 1340 1698 quam
1386 1635 1605 1684 concita·

114 1715 316 1763 tionem
346 1716 640 1764 animorum
672 1717 829 1779 fregit
862 1717 1118 1765 adventus
1148 1717 1418 1777 exercitus
1445 1717 1604 1765 etiam

113 1796 261 1844 iratis
284 1797 609 1846 miserabilis.
685 1814 791 1845 non
823 1798 965 1845 enim
995 1800 1263 1860 tamquam
1292 1798 1349 1845 in
1380 1798 1604 1859 patriam

114 1880 434 1925 revertentes
474 1895 538 1926 ex
572 1878 834 1940 insperato
871 1878 1169 1937 incolumes,
1210 1879 1297 1926 sed
1335 1882 1603 1940 captorum

41 1979 84 2006 11
111 1957 298 2006 habit-u
332 1959 581 2022 vultuque
621 1960 844 2022 ingressi
882 1977 992 2008 sero
1033 1959 1089 2007 in
1131 1960 1312 2007 urbem
1348 1959 1422 2007 ita
1457 1976 1511 2008 se
1545 1960 1600 2008 in

112 2039 222 2087 suis
264 2040 481 2102 quisque
522 2041 675 2088 tectis
721 2041 1045 2100 abdiderunt,
1093 2044 1149 2088 ut
1196 2044 1402 2102 postero
1448 2044 1599 2104 atque

110 2120 504 2181 insequentibus
568 2122 748 2169 diebus
811 2138 966 2169 nemo
1035 2138 1212 2170 eorum
1277 2121 1449 2169 forum
1512 2126 1599 2169 aut

39 2229 83 2255 12
110 2200 377 2262 publicum
437 2202 661 2263 aspicere
719 2201 890 2251 vellet.
990 2203 1227 2251 consules
1283 2203 1340 2251 in
1397 2203 1598 2264 privato

110 2282 274 2329 abditi
322 2283 459 2330 nihil
505 2300 597 2344 pro
638 2284 947 2345 magistratu
992 2301 1153 2346 agere,
1194 2284 1298 2332 nisi
1338 2285 1474 2346 quod
1519 2301 1598 2332 ex-

109 2379 344 2425 pressim}
416 2368 626 2411 senatus
701 2365 937 2412 consulto
1006 2368 1099 2425 est,
1166 2369 1223 2412 ut
1295 2365 1596 2413 dictatorem

38 2467 83 2505 13
108 2445 335 2492 dicerent-
361 2445 688 2493 comitiorum
714 2462 876 2494 causa.
954 2447 1012 2506 Q.
1034 2446 1249 2493 Fabium
1274 2446 1595 2503 Ambustum

108 2526 349 2572 dixerunt
375 2529 423 2572 et
450 2526 507 2573 P.
533 2526 741 2573 Aelium
766 2526 986 2573 Paetum
1010 2526 1315 2587 magIStrmn
1339 2525 1588 2587 equitum.

39 2624 84 2663 ¹4
107 2606 293 2668 quibus
340 2606 468 2652 vitio
525 2607 706 2653 creatis
760 2607 960 2653 suffecti
1009 2607 1074 2654 M.
1117 2606 1373 2653 Aemilius
1421 2606 1594 2667 Papus
