1779 2897
180 142 246 197 18
285 169 290 172 -
757 157 887 198 TITI
944 158 1074 198 Livi

174 269 480 318 exercitibus
512 270 651 319 haud
684 272 829 319 facile
864 275 1127 335 receptura
1147 270 1289 320 'vires
1312 272 1545 320 Romana
1577 287 1659 319 res

172 354 319 410 esset,
365 351 560 400 bellum
603 352 838 412 differre3
888 353 1102 401 tel-timu
1141 353 1344 400 nullum
1384 352 1657 399 consilium

106 450 143 475 11
172 447 297 480 esse.
392 449 507 479 cum
553 433 693 480 filius
740 433 928 495 aliique
978 432 1235 495 principes
1282 432 1658 494 percunctando

172 516 587 575 exsequerentur,
620 513 756 576 quid,
788 513 832 560 si
853 513 1025 561 media
1047 513 1132 561 via
1155 513 1355 560 consilii
1380 515 1653 574 caperetur,

174 595 231 640 ut
255 596 307 642 et
341 592 729 642 dimitterentur
752 593 1036 641 incohunes
1068 597 1119 641 et
1153 594 1292 656 leges
1315 593 1380 641 iis
1403 593 1511 641 iure
1535 592 1659 640 belli

104 690 147 716 12
172 673 324 722 victis
342 673 746 736 inponerentur:
776 676 904 723 ‘ista
930 676 1136 737 quidem
1160 675 1449 734 sententia,'
1468 673 1653 736 inquit,

178 755 269 803 ‘ea
314 758 403 814 est,
459 772 588 817 quae
636 773 800 819 neque
851 757 1045 804 amicos
1091 758 1236 818 parat
1284 772 1378 804 nec
1423 755 1660 803 inimicos

173 835 326 884 tollit.
402 839 600 884 servate
631 837 782 885 modo
816 853 941 899 quos
975 836 1261 899 ignominia
1289 835 1658 884 inritaveritis:

174 932 233 963 ea
267 919 345 965 est
378 917 612 964 Romana
646 933 783 980 gens,
823 934 949 980 quae
982 918 1119 965 victa
1154 917 1411 979 quiescere
1447 916 1653 965 nesciat.

107 1014 154 1052 13
174 997 317 1045 vivet
354 1013 554 1059 semper
591 997 647 1045 in
682 998 970 1060 pectoribus
1002 998 1211 1046 illorimi
1248 997 1495 1060 quidquid
1526 997 1658 1045 istuc

173 1095 414 1140 praesens
429 1079 704 1127 necessitas
723 1079 981 1139 inusserit,
1002 1096 1094 1127 nec
1111 1095 1196 1126 eos
1215 1081 1335 1126 ante
1349 1077 1661 1140 multiplices

173 1177 362 1221 poenas
388 1160 638 1222 expet-itas
664 1176 693 1207 a
717 1161 862 1208 vobis
887 1161 1142 1223 quiescere
1168 1159 1336 1208 sinet.'

882 1345 957 1393 IV

174 1457 305 1510 After
322 1455 531 1508 fruitless
562 1460 765 1509 attempt&-
796 1460 837 1497 to
869 1455 1000 1497 break·
1031 1461 1118 1507 out,
1149 1457 1217 1497 the
1249 1457 1444 1498 Romans
1475 1456 1555 1498 ask
1580 1459 1662 1512 for

289 1528 318 1556 a
337 1514 445 1568 fair
475 1527 606 1568 peace
643 1527 695 1556 or
716 1514 825 1567 sair
841 1514 973 1567 fiyht.
1046 1515 1233 1556 Pontius
1261 1515 1376 1568 {siz-es
1404 1515 1475 1556 his
1504 1520 1659 1567 tet-ms,-

283 1585 417 1627 peace
471 1573 574 1613 with
625 1572 876 1622 dishonour,
931 1572 999 1613 the
1049 1573 1166 1626 yoke,
1220 1573 1496 1615 withdraeeal
1531 1575 1657 1625 from

289 1631 488 1673 Samnite
519 1631 738 1684 territory,
773 1631 865 1672 and
895 1631 1084 1672 removal
1114 1632 1168 1684 of
1191 1631 1388 1672 colonie-3.

132 1753 142 1779 1
241 1730 436 1778 Neutra
493 1730 754 1778 sententia
819 1733 1024 1792 accepta
1081 1731 1378 1779 Herennius
1449 1732 1659 1779 domum

171 1828 198 1858 e
236 1811 417 1860 castris
455 1814 531 1859 est
571 1815 792 1860 avectus.
868 1814 921 1859 et
956 1811 1012 1859 in
1049 1812 1229 1859 castris
1260 1812 1508 1860 Romanis
1542 1829 1658 1859 cum

170 1892 365 1941 frustra
387 1892 542 1940 multi
572 1895 787 1941 conatus
819 1892 883 1940 ad
906 1893 1278 1954 erumpendum
1310 1893 1446 1955 capti
1467 1895 1653 1953 essent,

130 1997 147 2023 2
171 1976 221 2021 et
246 1974 352 2021 iam
376 1973 611 2022 omnium
635 1990 808 2021 rerum
834 1973 1007 2036 inopia
1031 1976 1178 2034 esset,
1208 1974 1334 2022 victi
1357 1974 1657 2023 necessitate

171 2055 366 2117 legatos
405 2055 637 2115 mittunt,
688 2054 776 2117 qui
815 2055 1046 2117 primum
1092 2071 1270 2117 pacem
1321 2071 1538 2118 aequam
1578 2072 1657 2118 pe-

172 2138 376 2195 terent;
412 2135 457 2184 si
487 2152 662 2198 pacem
697 2153 805 2184 non
837 2136 1173 2198 inpetrarent,
1211 2136 1291 2184 uti
1324 2140 1658 2199 provocarent

129 2239 151 2276 3
172 2218 237 2265 ad
251 2234 490 2280 pugnam.
541 2220 658 2265 tum
674 2218 894 2266 Pontius
912 2217 1222 2265 debellatum
1245 2234 1354 2266 esse
1377 2218 1653 2280 respondit,

173 2301 236 2359 et,
286 2298 528 2361 quoniam
576 2314 640 2346 ne
686 2297 812 2346 victi
859 2298 1064 2360 quidem
1115 2314 1172 2345 ac
1219 2299 1354 2360 capti
1393 2299 1657 2347 fortunam

172 2379 322 2427 fateri
367 2380 573 2439 scirent,
626 2378 849 2426 inermes
903 2395 1020 2426 cum
1067 2379 1287 2441 singulis
1332 2380 1658 2428 vestimentis

172 2461 266 2509 sub
325 2461 506 2523 iugum
563 2460 879 2519 missurum3
948 2459 1073 2507 alias
1139 2460 1463 2508 condiciones
1519 2460 1658 2522 pacis

125 2565 149 2599 4
172 2560 358 2606 aequas
381 2543 533 2591 victis
565 2559 622 2589 ac
646 2542 927 2590 victoribus
958 2542 1091 2589 fore:
1130 2542 1174 2589 si
1198 2558 1316 2604 agro
1343 2542 1657 2591 Samnitium

173 2627 508 2683 dec-ederetur,
531 2624 756 2671 coloniae
781 2623 1165 2681 abducerentur,
1188 2623 1294 2671 suis
1313 2624 1431 2671 inde
1457 2624 1655 2684 legibus
