1779 2897
594 156 718 199 LIB.
758 157 840 199 IX.
912 155 1050 197 CAP.
1088 155 1178 195 VII
1563 158 1631 211 27

142 273 433 322 abiectioris
473 273 635 321 animi
675 273 814 320 visos
864 271 1146 319 referrent:
1201 270 1325 317 adeo
1372 268 1532 316 silens
1579 285 1633 315 ac
1667 291 1710 317 12

142 372 298 417 prope
345 360 552 403 mutum
599 371 785 416 agmen
832 353 1105 401 incessisse
1131 370 1141 410 ;
1194 351 1358 398 iacere
1407 349 1635 397 indolem

143 438 289 486 illam
307 438 611 496 Romanam,
637 436 935 498 ablatosque
961 451 1077 482 cum
1103 434 1263 482 armis
1287 432 1501 491 animos,
1533 448 1636 478 non

145 519 352 567 reddere
378 518 598 566 salutem
633 518 995 577 salutantibus,
1026 534 1131 564 non
1168 516 1284 563 dare
1314 529 1633 575 responsimi.
1670 534 1712 568 15:

143 617 249 648 non
267 601 463 648 hiscere
485 616 795 663 quemquam
814 615 933 661 prae
959 603 1103 646 metu
1124 597 1351 659 potuisse
1370 600 1639 657 tamquam

143 681 432 729 ferentibus
457 680 624 728 adhuc
652 680 938 728 cervicibus
962 680 1156 741 iugum.
1182 677 1276 725 sub
1303 677 1436 739 quod
1461 675 1638 723 emissi

143 766 331 815 essent,
366 762 555 809 habere
590 762 852 810 Samnites
876 761 1148 809 victoriam
1182 776 1289 807 non
1322 758 1640 820 praeclaram

144 845 328 904 solum,
358 844 446 891 sed
470 843 626 891 etiam
653 847 955 904 perpetuam
978 861 987 901 ;
1025 841 1217 903 cepisse
1251 839 1392 887 enim
1422 855 1510 887 eos
1536 854 1640 885 non

144 927 379 985 Romam,
420 925 553 972 sicut
592 927 710 972 ante
746 925 938 982 Gallos,
977 923 1078 972 sed.
1120 923 1255 985 quod
1291 921 1458 968 multo
1499 918 1642 967 belli·

146 1007 313 1055 cosius
338 1006 509 1054 fuerit.
541 1006 833 1053 Romanam
858 1005 1106 1053 virtutem
1133 1003 1474 1064 ferociamque
1495 1020 1569 1050 :—

840 1230 947 1277 VII

216 1349 344 1398 Cum
387 1348 512 1395 haec
552 1347 849 1394 dicerentur
885 1345 1291 1407 audirenturque
1334 1348 1383 1391 et
1423 1343 1687 1406 deplora-1

147 1434 262 1478 tum
294 1446 454 1491 paene
485 1430 779 1477 Romanum
816 1444 1005 1475 nomen
1045 1427 1100 1474 in
1137 1426 1352 1474 consilio
1389 1425 1645 1473 sociorum

148 1511 383 1559 fidelimn
420 1515 569 1560 esset.
612 1510 800 1558 dicitur
833 1510 1041 1558 Ofillius
1075 1508 1315 1558 Calavius
1350 1507 1448 1555 Ovi
1487 1506 1641 1565 filius,
1674 1522 1690 1547 2

150 1593 318 1641 clarus
341 1609 525 1655 genere
552 1593 815 1654 factisque,
844 1595 959 1639 tum
992 1590 1151 1638 etiam
1181 1593 1346 1638 aetate
1372 1588 1642 1646 verendus

150 1674 302 1737 longe
332 1674 483 1722 aliter
506 1691 558 1722 se
592 1674 779 1722 habere
815 1690 923 1721 rem
958 1672 1176 1720 dixisse:
1215 1671 1484 1719 silentiiun
1516 1669 1646 1716 illud

152 1757 473 1804 obstinatum
497 1756 728 1818 fixosque
762 1756 818 1802 in
851 1758 1046 1802 terram
1080 1753 1252 1800 oculos
1283 1756 1334 1800 et
1370 1751 1551 1799 surdas
1584 1750 1646 1798 ad

153 1837 327 1885 omnia
376 1837 560 1885 solacia
607 1854 757 1885 aures
805 1841 853 1884 et
906 1836 1152 1897 pudorem
1196 1834 1476 1882 intuendae
1516 1832 1649 1880 lucis

153 1919 419 1982 ingentem
478 1919 669 1966 molem
730 1918 926 1964 irarum
980 1934 1043 1965 ex
1096 1916 1200 1964 alto
1253 1914 1415 1963 animi
1465 1913 1650 1962 cientis

154 2001 344 2049 indicia
375 2016 500 2048 esse.
573 2004 661 2047 aut
687 2000 921 2047 Romana
958 2015 1010 2047 se
1048 1998 1288 2061 ignorare
1320 1995 1529 2058 ingenia
1560 1998 1648 2043 aut
1673 2010 1696 2044 4

154 2082 421 2131 silentium
458 2082 588 2129 illud
623 2080 946 2129 Samnitibus
980 2080 1180 2128 flebiles
1215 2078 1362 2126 brevi
1399 2077 1651 2126 clamores

155 2164 477 2226 gemitusque
530 2163 890 2222 excitaturum,
943 2161 1304 2222 Caudinaeque
1365 2159 1505 2221 pacis
1564 2158 1650 2206 ali-

155 2248 349 2309 quanto
419 2244 743 2294 Samnitibus
818 2259 973 2305 quam
1044 2242 1293 2290 Romanis
1365 2241 1650 2289 tristiorem

155 2328 458 2376 memoriam
517 2327 660 2375 fore:
720 2326 908 2387 quippe
977 2341 1094 2372 suos
1155 2340 1407 2386 quemque
1468 2339 1649 2370 eorum
1674 2335 1692 2371 5

157 2409 358 2458 animos
403 2408 722 2457 habiturum.
777 2406 1087 2468 ubicumque
1136 2403 1462 2466 congressuri
1515 2403 1651 2450 sint:

157 2493 319 2541 saltus
345 2490 602 2540 Caudinos
630 2507 732 2536 non
763 2489 948 2550 ubique
976 2487 1297 2535 Samnitibus
1323 2486 1440 2533 fore.
