1779 2897
150 124 220 175 60
733 136 866 177 TITI
920 137 1053 178 LIVI

151 262 344 305 Chauces
383 266 437 318 of
468 265 536 305 the
577 264 777 317 conflict,·
827 278 905 306 one
944 266 1087 318 defeat
1137 267 1280 321 would
1328 267 1432 308 have
1471 268 1632 309 ruined

262 323 546 373 Alexander;
597 323 647 363 he
693 323 836 364 wozdd
881 323 985 364 hace
1020 324 1172 377 found
1216 325 1283 365 the
1324 325 1520 367 Romans
1565 331 1631 367 too

262 381 461 434 viyorous
502 395 529 422 α
569 381 681 434 foe;
737 380 953 434 Carthaye
1004 383 1147 423 would
1186 383 1291 424 hace
1333 384 1487 424 united
1530 384 1631 425 with

261 439 407 481 Rome.
470 440 602 480 Rome
653 439 914 493 afterwards
964 445 1049 480 met
1093 441 1185 481 and
1226 442 1450 495 destroyed
1488 442 1630 483 Mace-

263 498 482 549 dom'ans;
522 498 614 538 and
644 497 724 538 has
754 498 919 550 always
947 499 1095 541 shown
1130 498 1203 539 she
1237 501 1344 541 need
1375 513 1503 542 never
1523 501 1635 553 sear

264 569 352 609 any
371 557 553 610 forez‘yn
584 569 744 610 enemy.

98 674 122 712 9
213 655 327 702 Iam
359 656 414 701 in
447 671 594 716 opere
629 656 746 717 quis
778 672 869 718 par
893 657 1125 704 Romano
1158 657 1350 705 miles?
1421 658 1536 719 quis
1569 659 1631 705 ad

145 735 471 782 tolerandum
513 736 741 783 laborem
782 737 1011 785 melior?
1080 754 1184 784 uno
1225 738 1420 799 proelio
1461 739 1632 786 victus

145 817 439 864 Alexander
491 817 627 864 bello
669 818 837 864 victus
891 820 1057 866 esset:
1112 819 1420 879 Romanum,
1479 837 1631 881 quem

146 898 413 958 Caudium,
455 914 606 960 quem
649 899 850 946 Cannae
892 915 999 946 non
1039 899 1319 960 fregerunt,
1366 917 1491 962 quae
1533 901 1631 949 fre-

75 1000 122 1027 10
145 979 304 1040 gisset
330 979 463 1027 acies
479 981 504 1027 ἱ)
557 996 620 1026 ne
647 979 734 1027 ille
761 995 922 1041 saepe,
948 980 1108 1027 etiam
1132 980 1178 1027 si
1201 981 1369 1041 prima
1392 998 1629 1043 prospere

144 1060 453 1119 evenissent,
500 1061 685 1108 Persas
736 1063 787 1108 et
841 1060 1001 1108 Indos
1052 1063 1104 1109 et
1155 1061 1401 1109 inbellem
1448 1063 1630 1111 Asiam

145 1141 440 1202 quaesisset,
504 1145 554 1188 et
614 1158 730 1188 cum
789 1142 1000 1189 feminis
1059 1142 1162 1189 sibi
1218 1142 1414 1190 bellum
1472 1131 1629 1191 fuisse

77 1244 115 1270 11
145 1222 373 1282 dixisset,
412 1223 547 1284 quod
583 1222 733 1284 Epiri
767 1239 940 1284 regem
974 1223 1330 1270 Alexandrum
1364 1224 1630 1271 mortifero

143 1303 356 1350 vulnere
392 1304 554 1350 ictum
591 1303 781 1350 dixisse
818 1303 1005 1363 ferunt,
1047 1305 1238 1351 sortem
1280 1304 1532 1351 bellorum
1575 1305 1630 1351 in

143 1385 272 1432 Asia
308 1387 571 1446 gestorum
608 1384 670 1430 ab
706 1384 802 1430 hoc
843 1384 955 1445 ipso
993 1385 1177 1432 iuvene
1222 1401 1338 1432 cum
1382 1401 1472 1432 sua
1514 1402 1630 1433 con-

76 1488 117 1513 12
143 1466 410 1513 ferentem,
496 1465 749 1527 equidem,
798 1481 916 1512 cum
960 1482 1051 1526 per
1092 1481 1254 1513 annos
1296 1468 1539 1528 quattuor
1578 1470 1630 1514 et

142 1547 336 1608 viginti
358 1546 527 1608 primo
552 1546 748 1593 Punico
780 1547 914 1593 bello
948 1546 1196 1594 classibus
1228 1550 1480 1595 certatum
1514 1565 1630 1595 cum

143 1628 336 1675 Poenis
358 1628 607 1687 recordor,
635 1628 726 1676 vix
750 1629 970 1675 aetatem
993 1628 1278 1675 Alexandri
1302 1629 1630 1677 suffecturam

72 1726 120 1763 13
141 1709 302 1756 fuisse
336 1726 450 1756 reor
485 1709 548 1756 ad
584 1725 748 1756 unum
784 1708 1011 1767 bellum;
1065 1711 1116 1756 et
1152 1708 1382 1769 forsitan,
1424 1726 1542 1757 cum
1579 1713 1629 1757 et

142 1791 433 1838 foederibus
485 1791 707 1837 vetustis
759 1790 933 1837 iuncta
986 1807 1066 1837 res
1119 1790 1316 1838 Punica
1367 1791 1628 1839 Romanae

143 1875 289 1930 esset,
337 1874 388 1919 et
429 1872 587 1919 timor
629 1888 720 1933 par
762 1872 1006 1919 adversus
1057 1888 1386 1919 communem
1427 1872 1629 1920 hostem

143 1953 268 2000 duas
302 1953 690 2015 potentissimas
725 1954 885 2000 armis
918 1953 1149 2014 virisque
1193 1953 1345 2000 urbes
1389 1956 1623 2014 armaret,

72 2051 119 2089 14
142 2035 300 2081 simul
324 2034 520 2082 Punico
546 2035 880 2096 Romanoque
907 2035 1122 2082 obrutus
1143 2034 1278 2081 bello
1302 2037 1448 2082 esset.
1523 2051 1628 2082 non

141 2116 351 2177 quidem
389 2115 684 2164 Alexandro
726 2117 852 2163 duce
894 2132 986 2162 nec
1029 2115 1247 2176 integris
1289 2115 1627 2163 Macedonum

142 2197 308 2256 rebus,
343 2197 430 2244 sed
465 2197 662 2258 experti
694 2199 871 2244 tamen
904 2197 1025 2243 sunt
1048 2197 1273 2243 Romani
1298 2197 1627 2244 Macedonem

140 2278 343 2325 hostem
396 2279 641 2325 adversus
683 2278 1003 2325 Antiochum
1056 2277 1361 2338 Philippum
1416 2278 1621 2338 Persen,

139 2374 245 2405 non
286 2359 438 2406 modo
492 2376 608 2406 cum
655 2359 796 2406 clade
840 2358 957 2417 ulla,
1005 2358 1093 2405 sed
1134 2374 1198 2404 ne
1241 2374 1358 2404 cum
1400 2359 1627 2419 periculo

72 2461 114 2498 15
140 2439 350 2500 quidem
393 2456 497 2488 suo.
573 2440 707 2487 absit
749 2439 948 2487 invidia
983 2439 1142 2486 verbo
1182 2441 1234 2486 et
1277 2438 1450 2485 civilia
1493 2438 1627 2502 bella

140 2520 360 2579 sileant3
419 2536 704 2582 numquam
762 2521 824 2567 ab
883 2520 1056 2581 equite
1114 2520 1275 2578 hoste,
1341 2535 1625 2581 numquam

141 2617 168 2647 a
200 2601 387 2662 pedite,
425 2618 708 2663 numquam
743 2604 917 2662 aperta
954 2601 1072 2659 acie,
1111 2616 1395 2661 numquam
1431 2600 1620 2660 aequis,
