1779 2897
603 147 728 190 LIB.
769 148 850 189 IX.
926 147 1067 189 CAP.
1113 148 1181 188 IX
1569 153 1635 206 31

148 261 355 310 incessit
411 262 664 321 homines,
718 266 774 309 ut
829 263 980 309 modo
1029 263 1116 309 vix
1173 264 1433 310 crederent
1491 262 1641 309 illum

146 343 369 391 eundem
402 358 513 391 esse
537 342 622 404 Sp.
644 343 988 403 Postumium,
1019 343 1106 405 qui
1131 346 1309 390 auctor
1333 346 1442 390 tam
1468 343 1642 390 foedae

147 423 287 485 pacis
332 424 528 483 fuisset,
579 424 733 471 modo
782 424 1165 484 miserarentur,
1219 424 1353 485 quod
1395 424 1478 470 xir
1524 424 1641 471 talis
1671 443 1714 468 12

147 505 304 553 etiam
328 505 660 567 praecipuum
692 505 826 566 apud
851 505 1027 553 hostes
1060 505 1372 567 supplicium
1398 521 1642 567 passurus

146 589 281 635 esset
306 586 370 634 ob
393 586 523 634 iram
548 586 829 650 diremptae
854 587 1005 648 pacis.

152 737 241 780 The
271 743 418 781 senate
452 739 492 780 is
526 740 754 794 prepared
790 744 830 782 to
867 744 1012 794 accept
1048 739 1119 781 his
1154 740 1379 794 pmposat,
1413 739 1536 781 when
1571 739 1643 781 the

265 798 466 840 tribunes
505 799 725 853 interpose
765 799 883 840 their
922 804 1023 852 reto,
1062 800 1220 853 saye‘ny
1260 799 1355 839 that
1396 799 1464 840 the
1506 799 1643 840 entire

265 870 393 911 army
423 857 583 899 should
613 858 661 899 be
684 863 773 912 put
804 858 912 900 back·
943 863 990 898 at
1025 857 1259 902 Caudium.
1296 858 1389 898 aad
1421 857 1516 898 that
1546 858 1643 910 they

265 915 512 957 themselves
550 929 627 957 are
669 918 895 970 exempted
936 917 990 970 by
1031 917 1147 958 their
1179 919 1309 970 office.
1374 915 1643 968 Postumius,

263 974 312 1015 in
350 988 534 1026 ansuer,
569 988 671 1028 says
709 976 808 1028 they
844 989 924 1016 can
965 975 1012 1016 be
1049 975 1341 1016 surrendered
1382 975 1505 1016 when
1546 975 1645 1028 they

261 1046 315 1086 90
336 1038 411 1074 out
431 1034 486 1087 of
497 1035 627 1088 office,
648 1035 739 1074 and
757 1034 852 1075 that
872 1034 940 1075 the
961 1035 1205 1075 sen-render
1219 1035 1274 1086 of
1287 1033 1355 1074 the
1373 1038 1645 1086 ,quarantors

266 1093 306 1133 is
325 1092 495 1146 strictly
520 1096 563 1132 ln
589 1093 744 1134 accord
768 1093 868 1134 with
888 1093 933 1134 F
930 1093 1035 1134 ete'al
1055 1093 1154 1135 law.

215 1192 345 1240 Cum
384 1208 562 1239 omnes
598 1192 837 1240 laudibus
878 1193 1032 1240 modo
1069 1195 1436 1254 prosequentes
1473 1193 1643 1240 xdrmn
1672 1212 1718 1248 13

147 1272 202 1320 in
226 1273 539 1321 sententiam
563 1273 673 1321 eius
697 1274 914 1336 pedibus
938 1275 1087 1334 irent,
1111 1273 1364 1336 temptata
1382 1274 1644 1337 paulisper

148 1355 445 1404 intercessio
488 1359 565 1404 est
607 1356 670 1404 ab
709 1357 765 1404 L.
803 1357 952 1404 Livio
995 1359 1042 1404 et
1085 1357 1140 1417 Q.
1183 1355 1368 1404 Maelio
1415 1357 1642 1405 tribunis

146 1436 326 1499 plebis,
355 1437 444 1498 qui
468 1454 633 1500 neque
659 1438 857 1486 exsolvi
882 1437 1130 1500 religione
1162 1438 1410 1500 populum
1436 1438 1639 1486 aiebant
1670 1453 1716 1490 14

147 1518 408 1566 deditione
443 1534 547 1578 sua,
585 1519 689 1566 nisi
724 1519 898 1567 onmia
931 1519 1265 1579 Samnitibus,
1304 1519 1473 1581 qualia
1506 1520 1642 1581 apud

147 1599 399 1648 Caudium
432 1600 667 1660 fuissent,
707 1600 1115 1653 restituerentur,
1155 1617 1320 1662 neque
1356 1617 1410 1648 se
1435 1617 1528 1662 pro
1564 1618 1639 1661 eo,
1672 1620 1716 1659 15

147 1680 283 1743 quod
307 1681 609 1743 spondendo
634 1697 811 1742 pacem
842 1685 1132 1729 servassent
1157 1682 1439 1730 exercitimi
1467 1682 1645 1744 populi

145 1762 384 1822 Romani,
435 1779 654 1824 poenam
713 1762 874 1810 ullam
931 1764 1146 1811 meritos
1193 1780 1317 1822 esse,
1366 1780 1531 1825 neque
1579 1765 1642 1812 ad

146 1846 452 1903 extremum,
495 1860 612 1890 cum
661 1845 971 1892 sacrosancti
1019 1848 1204 1906 essent,
1246 1845 1363 1892 dedi
1405 1845 1644 1893 hostibus

145 1925 392 1974 violarive
431 1942 590 1987 posse.

856 2099 937 2146 IX

214 2220 349 2267 Tum
383 2218 713 2267 Postumius:
761 2219 958 2266 ‘dedite
998 2218 1207 2280 interea,
1243 2219 1441 2268 dedite’
1468 2219 1642 2282 inquit
1670 2243 1686 2270 1

153 2301 420 2363 ‘profanos
446 2317 553 2359 nos,
576 2317 702 2363 quos
727 2300 867 2348 salva
892 2300 1137 2362 religione
1163 2302 1380 2363 potestis
1400 2320 1412 2362 3
1446 2302 1642 2351 dedetis

148 2382 334 2431 deinde
354 2385 404 2430 et
423 2383 550 2431 istos
570 2384 932 2442 sacrosanctos,
954 2398 1070 2429 cum
1089 2382 1317 2444 primum
1336 2384 1643 2445 magistratu
1672 2402 1689 2427 2

147 2463 384 2524 abierint,
420 2465 522 2523 sed,
563 2464 606 2511 si
641 2480 723 2510 me
761 2463 995 2523 audiatis,
1032 2463 1331 2526 priusquam
1369 2464 1638 2519 dedantur,

148 2546 231 2593 hic
255 2545 311 2593 in
339 2545 545 2593 comitio
564 2545 723 2607 virgis
748 2561 933 2605 caesos,
957 2545 1090 2592 hanc
1109 2545 1212 2592 iam
1239 2548 1295 2592 ut
1314 2545 1640 2593 intercalatae

149 2645 337 2689 poenae
399 2644 607 2675 usuram
667 2627 903 2674 habeant.
1002 2643 1123 2672 nain
1184 2627 1319 2687 quod
1380 2626 1639 2676 deditione
1666 2643 1687 2679 5
