1779 2897
143 123 215 175 24
725 115 862 157 T1V1
916 115 1048 156 L1v1

141 229 366 277 inermes
397 230 597 278 futuras
630 231 835 279 dextras
868 231 1184 292 obnoxiaque
1221 246 1426 291 corpora
1458 230 1596 278 hosti
1613 250 1625 291 3

140 327 425 373 proponere
467 311 675 358 sibimet
719 311 817 373 ipsi
852 314 971 359 ante
1014 311 1185 358 0011105
1225 311 1404 372 iugum
1439 311 1624 358 hostile

140 394 193 439 et
247 391 467 438 ludibria
515 392 727 439 victoris
778 395 829 439 et
888 391 1066 439 vultus
1124 392 1369 452 superbos
1426 394 1476 439 et
1535 409 1626 454 per

93 490 119 530 9
142 474 366 520 armatos
398 472 678 520 inermium
709 473 822 526 iter,
852 473 970 521 inde
1004 473 1139 520 foedi
1170 473 1392 534 agminis
1423 473 1626 521 misera-

141 553 300 601 bilem
324 554 463 601 viam
487 571 578 616 per
602 554 857 602 sociorum
881 554 1047 614 urbes,
1076 554 1300 601 reditum
1325 554 1380 601 in
1408 554 1626 615 patriam

141 635 205 682 ad
257 636 509 697 parentes,
562 652 661 697 quo
721 652 865 697 saepe
925 636 1021 696 ipsi
1076 636 1396 696 maioresque
1449 651 1627 682 eorum

71 738 118 764 10
140 716 522 777 triumphantes
567 717 844 764 venissent.
937 733 988 763 se
1049 716 1182 763 solos
1233 716 1346 763 sine
1392 716 1621 774 vulnere,

142 797 254 844 sine
301 797 452 856 ferro,
505 797 615 844 sine
670 797 775 844 acie
822 797 1018 855 victos:
1073 797 1170 844 sibi
1217 813 1323 844 non
1378 797 1625 858 stringere

142 877 345 924 licuisse
382 877 591 938 gladios,
632 894 737 925 non
780 894 994 925 manum
1032 895 1148 925 cum
1185 878 1329 925 hoste
1368 877 1626 937 conferre3

70 979 114 1006 11
141 958 239 1006 sibi
286 957 598 1020 nequiquam
647 959 846 1006 animos
894 959 1050 1006 datos.
1125 959 1248 1006 haec
1286 958 1628 1006 frementibus

140 1039 268 1086 hora
318 1038 487 1087 fatalis
538 1038 852 1100 ignominiae
905 1039 1127 1099 advenit,
1178 1039 1349 1086 omnia
1403 1039 1629 1099 tristiora

142 1120 456 1182 experiundo
480 1120 688 1180 factura,
715 1136 869 1182 quam
896 1137 1021 1182 quae
1041 1123 1402 1182 praeceperant
1421 1119 1623 1167 animis.

214 1312 302 1353 The
333 1312 530 1354 Romans
561 1326 637 1353 are
668 1313 890 1353 diem-med
922 1313 1013 1353 and
1042 1317 1137 1353 sent
1167 1313 1311 1353 undet·
1339 1312 1407 1353 the
1437 1312 1556 1365 yoke.

73 1443 117 1469 12
210 1420 325 1468 Iam
364 1419 593 1481 primum
632 1436 748 1467 cum
791 1420 1010 1482 singulis
1045 1420 1368 1467 vestimentis
1406 1411 1630 1467 inermes

142 1504 287 1549 extra
322 1500 520 1548 vallum
561 1501 697 1548 exire
739 1500 880 1561 iussi,
922 1503 971 1549 et
1012 1501 1169 1562 primi
1209 1501 1386 1548 traditi
1428 1500 1629 1548 obsides

73 1606 117 1644 13
144 1586 295 1644 atque
322 1583 377 1629 in
404 1582 688 1630 custodiam
713 1582 933 1633 abducti.
961 1584 1076 1629 tum
1106 1598 1134 1628 a
1160 1581 1456 1629 consulibus
1488 1581 1627 1629 abire

143 1665 346 1712 lictores
383 1664 509 1711 iussi
544 1663 1004 1726 paludamentaque
1044 1665 1299 1712 detracta:
1341 1665 1543 1710 tantam
1574 1662 1626 1709 id

142 1746 278 1793 inter
304 1746 453 1806 ipsos,
478 1745 565 1806 qui
591 1744 742 1806 paulo
767 1747 886 1792 ante
910 1761 997 1792 eos
1021 1746 1344 1792 exsecrantes
1371 1744 1628 1791 dedendos

71 1847 117 1882 14
142 1827 533 1888 lacerandosque
583 1827 898 1878 censuerant,
951 1825 1337 1872 miserationem
1384 1824 1517 1884 fecit,
1570 1826 1628 1871 ut

141 1923 260 1956 suae
303 1907 515 1969 quisque
559 1907 871 1954 condicionis
915 1906 1105 1953 oblitus
1147 1906 1210 1953 ab
1253 1905 1342 1953 illa
1384 1905 1627 1953 deforma-

140 1990 280 2037 tione
306 1991 478 2036 tantae
509 1988 791 2036 maiestatis
815 1988 956 2035 velut
993 1987 1053 2034 ab
1087 1987 1308 2035 nefando
1341 1986 1626 2049 spectaculo

142 2073 393 2119 averteret
429 2069 613 2117 oculos.

847 2306 924 2353 VI

98 2448 116 2475 1
211 2425 376 2474 Primi
400 2423 634 2472 consules
659 2438 812 2484 prope
841 2421 1100 2469 seminudi
1129 2422 1222 2468 sub
1256 2421 1436 2483 iugum
1461 2421 1620 2470 missi.

143 2511 255 2555 tum
281 2510 337 2554 ut
358 2506 572 2568 quisque
590 2504 750 2566 gradu
769 2519 1047 2563 proxumus
1071 2505 1195 2561 erat,
1220 2502 1294 2548 ita
1312 2501 1624 2562 ignominiae

93 2612 114 2638 ρ
143 2589 381 2638 obiectus,
416 2589 528 2634 111111
564 2585 799 2645 deinceps
837 2583 1064 2643 singulae
1103 2582 1340 2642 leg-iones.
1417 2582 1624 2627 circum-
