1779 2897
579 176 702 217 LIB.
743 177 824 216 IX.
895 176 1039 217 CAP.
1076 177 1190 217 XIV
1555 185 1625 238 43

135 291 366 352 egregie:
402 291 697 338 auctoribus
732 291 844 348 diis,
877 294 934 338 ut
967 292 1168 352 videtis,
1206 293 1270 340 ad
1306 309 1416 341 rem
1453 310 1628 355 geren-

136 371 254 418 dam
307 373 709 433 proficiscimur.'
796 372 944 435 signa
1001 372 1120 421 inde
1180 374 1304 421 ferri
1361 375 1512 422 iussit
1573 379 1625 424 et
1648 393 1668 431 5

135 453 304 514 copias
336 454 526 514 eduxit,
558 453 897 501 vanissimam
920 454 1193 515 increpans
1225 459 1446 517 gentem,
1478 473 1620 518 quae,

134 550 345 581 suarum
363 536 607 596 inpotens
627 552 800 583 rerum
819 551 940 597 prae
967 537 1263 584 domesticis
1287 538 1627 586 seditionibus

135 615 517 678 discordiisque,
572 616 687 664 aliis
739 618 953 664 modum
1000 617 1140 680 pacis
1189 634 1244 666 ac
1291 619 1418 666 belli
1461 620 1626 668 facere

134 712 357 759 aequum
398 700 641 745 censeret.
718 698 979 746 Samnites
1019 716 1082 746 ex
1123 702 1266 761 parte
1308 700 1470 747 altera
1508 716 1626 746 cum
1649 713 1672 752 6

135 794 344 825 omnem
386 795 559 826 curam
601 779 728 826 belli
768 779 1102 840 remisissent,
1151 780 1271 842 quia
1318 783 1407 828 aut
1449 796 1626 842 pacem

132 875 251 907 vere
289 860 563 922 cupiebant
600 863 688 908 aut
725 861 1028 923 expediebat
1066 861 1308 910 simulare
1347 865 1405 910 ut
1443 863 1626 910 Taren-

132 941 273 989 tinos
308 941 409 989 sibi
444 942 793 1003 conciliarent,
835 960 953 991 cum
987 943 1272 991 instructos
1313 946 1524 1005 repente
1562 944 1626 991 ad

131 1039 363 1085 pugnam
399 1024 662 1072 Romanos
710 1025 1112 1086 conspexissent,
1152 1025 1423 1081 vociferari
1468 1042 1520 1074 se
1567 1026 1624 1073 in
1651 1042 1672 1083 7

133 1104 435 1152 auctoritate
479 1105 880 1153 Tarentinorum
926 1122 1134 1154 manere
1184 1123 1277 1154 nec
1319 1107 1625 1155 descendere

132 1185 188 1232 in
229 1186 391 1233 aciem
432 1202 526 1234 nec
567 1190 711 1233 extra
745 1187 946 1234 vallum
988 1203 1131 1234 arma
1173 1187 1338 1247 ferre;
1386 1189 1627 1250 deceptos

131 1267 324 1327 potius,
366 1267 724 1329 quodcumque
775 1284 923 1315 casus
969 1268 1113 1328 ferat,
1166 1285 1420 1330 passuros,
1469 1285 1626 1332 quam

131 1350 190 1395 ut
233 1349 486 1410 sprevisse
528 1349 666 1410 pacis
708 1353 940 1397 auctores
983 1350 1291 1397 Tarentinos
1330 1351 1626 1398 videantur.

130 1429 356 1491 accipere
407 1447 458 1478 se
510 1447 662 1478 omen
711 1431 948 1479 consules
989 1431 1135 1479 aiunt
1177 1434 1229 1478 et
1272 1447 1387 1479 eam
1428 1432 1672 1493 precaris

130 1515 362 1560 mentem
387 1512 636 1572 hostibus,
669 1515 725 1560 ut
752 1529 818 1560 ne
844 1513 1045 1560 vallum
1070 1513 1280 1575 quidem
1307 1513 1602 1563 defendant.

136 1698 224 1741 The
243 1700 441 1741 Romans
459 1704 596 1741 storm
615 1700 683 1741 the
705 1700 900 1741 Samnite
930 1701 1055 1750 lines,
1080 1701 1173 1742 ancl
1198 1701 1344 1743 would
1371 1702 1477 1744 hare
1498 1704 1627 1744 made

246 1772 309 1800 an
339 1760 424 1800 end
454 1759 507 1812 of
529 1759 774 1811 theirf0e8‚
809 1760 885 1800 but
915 1760 982 1800 the
1015 1761 1201 1812 consuls,
1228 1761 1416 1814 wislzz'nq
1452 1766 1493 1802 to
1530 1775 1626 1803 sare

245 1817 314 1859 the
333 1819 407 1858 six
427 1818 633 1860 humb-ecl
653 1817 849 1871 hostayes
870 1823 915 1859 at
935 1819 1139 1869 Luceria,
1164 1820 1298 1860 recall
1319 1820 1447 1861 them.

196 1916 309 1977 Ipsi
347 1918 485 1964 inter
528 1934 580 1965 se
623 1918 826 1978 partitis
868 1919 1027 1979 copiis
1069 1919 1350 1966 succedunt
1392 1920 1622 1968 hostium
1644 1939 1669 1978 9

129 1999 484 2058 munimentis,
532 2002 583 2046 et
633 1999 788 2046 simul
836 2000 1061 2061 undique
1110 2001 1291 2061 adorti,
1340 2017 1458 2049 cum
1506 2018 1625 2064 pars

128 2079 292 2127 fossas
337 2081 619 2142 explerent,
666 2096 786 2143 pars
825 2081 1077 2129 vellerent
1118 2082 1317 2130 vallum
1364 2085 1518 2146 atque
1567 2084 1623 2132 in

128 2161 292 2209 fossas
339 2166 652 2224 proruerent,
695 2179 788 2210 nec
824 2163 993 2210 virtus
1032 2164 1187 2211 modo
1228 2164 1388 2211 insita
1423 2165 1511 2213 sed
1546 2165 1624 2214 ira

128 2243 287 2291 etiam
343 2244 661 2291 exulceratos
713 2244 1000 2307 ignominia
1052 2245 1346 2293 stimularet
1400 2246 1615 2308 animos,

129 2327 294 2372 castra
315 2325 562 2385 invasere,
586 2329 637 2372 et
662 2342 756 2387 pro
782 2342 833 2372 se
859 2326 1086 2388 quisque,
1111 2344 1219 2374 non
1243 2328 1369 2375 haec
1392 2329 1622 2375 furculas
1646 2349 1696 2376 10

129 2423 222 2454 nec
257 2407 510 2455 Caudium
552 2423 645 2454 nec
689 2408 853 2454 saltus
893 2408 1065 2455 invios
1104 2425 1229 2470 esse,
1269 2410 1362 2457 ubi
1395 2426 1621 2458 errorem

127 2487 271 2535 fraus
328 2488 543 2550 superbe
598 2488 824 2548 vicisset,
878 2489 965 2536 sed
1015 2490 1308 2538 Romanam
1353 2491 1616 2551 virtutem,

128 2585 282 2630 quam
306 2586 400 2617 nec
423 2570 623 2618 vallum
655 2587 748 2618 nec
779 2571 945 2618 fossae
980 2574 1224 2632 arcerent,
1254 2575 1615 2633 memorantes,

129 2650 349 2698 caedunt
376 2651 566 2711 pariter
589 2653 888 2700 resistentes
920 2653 1176 2715 fusosque,
1207 2653 1434 2701 inermes
1465 2657 1618 2716 atque
1646 2673 1689 2700 11
