1779 2897
149 109 223 180 48
732 121 867 162 T1T1
920 121 1053 163 LIVI

678 1033 715 1068 A
741 1034 883 1069 Romi<
910 1033 1107 1071 TmchH.

148 1127 403 1188 principes
440 1129 587 1174 erant
629 1125 928 1174 defectionis
964 1142 993 1173 a
1029 1127 1218 1188 populo
1257 1129 1489 1177 Romano
1523 1146 1635 1178 auc-

148 1209 296 1267 tores,
321 1207 480 1254 altera
502 1207 736 1254 fidelium
762 1207 963 1256 civium.
1042 1210 1292 1256 certatum
1317 1209 1379 1256 ab
1405 1210 1638 1272 utrisque

103 1303 124 1344 7
148 1290 325 1336 tamen
346 1290 438 1347 est,
463 1290 522 1336 ut
541 1289 604 1335 ad
624 1288 1053 1336 reconciliandam
1072 1305 1248 1350 pacem
1268 1290 1468 1338 consuli
1488 1308 1638 1353 opera

149 1370 441 1417 navaretur.
490 1386 606 1430 pars
630 1369 799 1429 altera,
825 1386 942 1416 cum
967 1369 1278 1430 praesidium
1304 1371 1631 1432 Samnitium,

152 1451 269 1512 quia
302 1450 435 1497 nihil
469 1450 593 1497 satis
623 1450 906 1511 praeparati
939 1453 1044 1498 erat
1075 1451 1139 1498 ad
1170 1450 1490 1499 obsidionem
1513 1451 1636 1500 tole-

150 1532 378 1590 randam,
406 1547 733 1578 excessurum
758 1531 989 1592 proxima
1021 1534 1170 1579 nocte
1195 1534 1340 1591 esset,
1369 1534 1637 1581 enuntiare

150 1612 351 1659 consuli
382 1613 507 1659 satis
539 1611 734 1671 habuit,
774 1628 873 1673 qua
906 1613 1070 1659 noctis
1102 1613 1228 1660 hora
1260 1630 1460 1674 quaque
1493 1615 1638 1675 porta

100 1701 123 1738 8
147 1695 200 1741 et
236 1708 390 1755 quam
438 1693 492 1739 in
529 1694 669 1740 viam
711 1709 1006 1754 egressurus
1042 1693 1208 1740 hostis
1243 1693 1403 1753 foret3
1458 1693 1636 1754 altera,

150 1774 336 1835 quibus
376 1773 556 1821 invitis
601 1772 853 1820 descitum
896 1773 958 1820 ad
997 1773 1256 1821 Samnites
1298 1776 1418 1833 erat,
1460 1775 1637 1822 eadem

150 1856 297 1902 nocte
327 1857 528 1916 portam
553 1854 709 1902 etiam
743 1854 942 1901 consuli
974 1855 1286 1915 aperuerunt
1318 1857 1638 1917 armatosque

102 1951 126 1990 9
150 1935 284 1983 clam
320 1937 463 1983 nocte
498 1936 554 1982 in
585 1936 765 1983 urbem
802 1938 1116 1997 acceperunt.
1192 1935 1263 1983 ita
1298 1935 1490 1998 duplici
1523 1953 1636 1998 pro-

151 2017 345 2064 ditione
367 2019 420 2063 et
443 2017 755 2077 praesidium
778 2017 1096 2064 Samnitium
1115 2016 1329 2064 insessis
1352 2017 1480 2065 circa
1496 2018 1636 2065 viam

153 2097 476 2144 silvestribus
512 2097 639 2144 locis
674 2098 976 2159 necopinato
1015 2113 1317 2159 oppressum
1358 2100 1446 2158 est,
1488 2101 1538 2146 et
1573 2099 1637 2146 ab

152 2178 275 2225 urbe
308 2178 459 2239 plena
490 2178 722 2225 hostium
747 2178 941 2226 clamor
972 2178 1235 2237 sublatus;
1272 2181 1637 2242 momentoque

152 2259 307 2306 unius
349 2259 501 2306 horae
541 2276 713 2307 caesus
751 2260 968 2319 SamniS,
1011 2260 1306 2307 Satricanus
1353 2263 1544 2322 captus,
1585 2263 1637 2308 et

81 2360 128 2386 10
153 2341 326 2388 omnia
361 2341 416 2387 in
447 2342 702 2402 potestate
736 2341 960 2389 consulis
984 2344 1143 2389 erant.
1220 2342 1308 2404 qui
1340 2342 1635 2404 quaestione

151 2421 338 2480 habita,
362 2438 579 2482 quorum
600 2438 751 2482 opera
769 2422 982 2470 defectio
1003 2424 1134 2470 esset
1152 2423 1302 2482 facta,
1317 2439 1445 2484 quos
1463 2425 1635 2471 sontes

153 2501 385 2561 conperit
407 2502 567 2562 virgis
601 2519 769 2549 caesos
801 2504 962 2550 securi
994 2504 1255 2564 percussit,
1283 2504 1635 2566 praesidioque

153 2581 320 2628 valido
343 2582 567 2642 inposito
592 2599 733 2630 arma
758 2584 1031 2632 Satricanis
1055 2585 1258 2632 ademit.
