1779 2897
385 116 715 160 GRAMMAR
766 116 903 159 AND
954 115 1360 160 METAPHORS
1542 121 1615 179 95

239 233 349 282 (with
367 231 550 282 perinde
570 231 639 282 ac)
660 231 748 270 xiv.
775 244 799 269 2
818 231 1004 281 perinde
1024 243 1073 269 ac
1092 233 1240 270 motus
1259 231 1405 271 dictis.

239 289 348 335 <wilh
364 286 504 336 velut)
526 286 583 323 vi.
605 298 630 334 3
649 285 771 324 velut
792 286 847 324 ab
867 285 1025 324 inferis
1050 286 1250 324 extracti.

238 340 407 391 (present
434 342 500 387 sor
527 343 590 378 rel.
622 338 763 389 clause)
802 340 908 377 xvii.
943 351 989 388 13
1029 341 1260 378 cessissent
1298 340 1424 379 Decii
1453 369 1463 380 .
1488 369 1499 380 .
1523 370 1532 380 .
1565 343 1614 379 in

343 395 519 434 hostem
546 396 737 434 ruentes.

126 451 396 489 Infinitive:
427 447 631 498 (Historic)
653 463 693 489 v,
716 449 751 497 8,
777 449 852 486 vii.
879 461 939 496 12,
961 449 1050 488 xiv.
1071 460 1097 497 3
1117 448 1206 487 and
1228 461 1263 498 7,
1288 449 1363 488 vii.
1387 462 1424 499 9.

236 504 537 555 (Exclamatory)
558 504 616 542 xi.
644 515 692 540 12
712 503 820 541 haec
839 503 1031 541 ludibria
1051 504 1317 552 religionum
1339 516 1430 541 non
1450 503 1613 554 pudere

340 557 389 596 in
419 557 562 596 lucem
590 557 812 607 proferre!

127 611 242 663 (How
260 610 311 661 to)
333 615 424 650 with
444 613 605 660 nescio,
630 612 693 651 iii.
719 624 766 648 12
793 624 904 661 quae
923 612 1039 651 victa
1061 613 1260 662 quiscere
1280 614 1460 651 neseiat.

232 668 323 704 with
343 667 444 714 scio,
468 667 525 705 iv.
543 678 568 715 3
589 667 802 716 quoniam
823 679 879 704 ne
899 667 1009 704 victi
1030 667 1210 716 quidem
1234 667 1463 705 fortunam
1484 666 1613 705 fateri

341 721 521 759 scirent.

126 777 138 823 ζ
142 778 296 822 present
311 775 542 825 forfuture)
565 776 627 813 iii.
652 788 700 813 10
719 776 866 825 priore
887 788 931 814 se
952 775 1138 814 consilio
1159 777 1418 826 perpetuam
1435 776 1614 813 firmare

340 841 507 879 pacem,
527 830 667 868 altero
689 859 699 869 .
719 858 730 868 .
750 859 759 869 .
783 830 952 868 bellum
973 830 1163 868 differre.

233 939 648 978 INTRANSITIVE
680 940 790 978 USE
826 939 897 978 OF
925 939 1275 978 TRANSITIVE
1304 940 1503 978 VERBs.

285 1022 341 1059 vi.
371 1035 420 1060 10
441 1022 666 1072 (reverto).
724 1023 832 1061 xvii.
854 1023 881 1059 6
903 1021 1076 1074 (verto).

285 1076 361 1114 xii.
385 1088 409 1124 3
433 1076 605 1127 [muto).

285 1131 413 1169 xviii.
437 1143 486 1169 10
505 1130 679 1182 (vario).

662 1234 1076 1274 SUBJUNGTIVE.

123 1319 439 1355 Deliberative
460 1331 469 1355 ε
498 1317 528 1354 i.
551 1328 571 1364 7
594 1329 726 1365 quem
752 1316 838 1354 tibi
857 1346 867 1356 .
889 1346 898 1355 .
918 1346 926 1355 .
954 1316 1145 1355 iudicem
1164 1315 1305 1356 feram
1321 1319 1342 1356 ⁰?

284 1371 391 1408 xvii.
415 1383 435 1419 7
459 1383 710 1409 recenseam
729 1370 862 1409 duces
882 1371 1104 1409 Romanos
1117 1372 1137 1409 ’Β

283 1425 348 1464 iii.
371 1437 396 1474 3
418 1438 504 1474 quo
523 1428 601 1463 aut
623 1437 709 1474 qua
729 1437 879 1464 eamus
893 1427 912 1464 ’Β

234 1479 410 1530 (oblique)
432 1480 480 1518 ii.
502 1491 525 1527 5
546 1492 595 1518 ea
614 1479 746 1518 modo
766 1492 852 1528 qua
872 1480 990 1519 irent
1011 1481 1279 1519 consultatio
1302 1480 1400 1519 fuit.

122 1535 419 1573 Dubitative:
451 1534 508 1572 iv.
533 1546 580 1571 12
601 1535 716 1572 tecta
735 1535 872 1584 urbis,
896 1534 1018 1573 dicat
1038 1534 1213 1584 aliquis.

283 1601 354 1626 xv.
381 1600 431 1625 10
450 1588 573 1627 haud
594 1589 730 1626 sciam
755 1601 812 1626 an
834 1589 1077 1628 iustissimo
1096 1589 1338 1639 triumpho.

123 1645 342 1690 optative
363 1645 456 1680 and
476 1646 507 1681 J
509 1645 666 1681 ussive
688 1658 696 1681 :
726 1643 790 1681 iii.
817 1655 834 1680 1
858 1655 935 1693 per
954 1644 1097 1682 obices
1115 1644 1292 1681 viarum
1315 1673 1324 1682 .
1345 1672 1354 1681 .
1373 1671 1382 1681 .
1408 1654 1571 1681 eamus.

285 1698 341 1736 iv.
368 1698 416 1734 16
445 1697 653 1736 subeatur
675 1709 774 1747 ergo
794 1697 881 1735 ista
901 1698 1150 1747 indignitas
1174 1700 1219 1736 et
1237 1700 1446 1748 pareatur
1467 1709 1611 1736 neces-

339 1752 475 1790 sitati.

285 1806 344 1844 xi.
367 1818 392 1855 3
412 1805 501 1844 and
521 1819 546 1854 4
565 1807 772 1845 restituat
792 1836 802 1846 .
826 1836 835 1845 .
858 1835 867 1844 .
891 1807 1109 1856 recipiant
1128 1818 1264 1856 arma,
1287 1806 1358 1845 &c.

284 1861 372 1899 xix.
401 1870 448 1908 15
469 1861 584 1899 absit
607 1861 781 1899 invidia
801 1861 933 1899 verbo
954 1863 998 1899 et
1019 1861 1170 1899 civilia
1190 1861 1307 1899 bella
1327 1860 1503 1899 sileant.

286 1915 379 1953 viii.
403 1915 429 1951 6
448 1914 664 1953 dedamur
684 1943 694 1953 .
715 1945 724 1954 .
744 1944 754 1954 .
777 1914 1056 1954 exsolvamus
1075 1914 1291 1964 religione
1310 1915 1538 1965 populum,

286 1969 377 2007 viii.
399 1980 425 2017 9
455 1970 500 2007 at
532 1981 610 2008 vos
645 1970 752 2008 satis
789 1969 993 2008 habeatis
1025 1968 1190 2008 vidisse
1228 1981 1308 2008 nos
1343 1970 1421 2007 sub
1437 1977 1442 1983 ·
1458 1970 1611 2019 iugum

337 2024 508 2061 missos.

236 2078 342 2128 (with
361 2077 517 2126 modo)
534 2077 623 2116 xix.
642 2089 687 2126 17
701 2077 832 2116 modo
853 2078 911 2116 sit
931 2081 1170 2128 perpetuus
1185 2078 1322 2116 huius
1337 2078 1457 2127 pacis
1473 2089 1609 2116 amor.

234 2134 342 2182 (with
360 2130 516 2182 modo)
541 2132 606 2171 iii.
630 2144 654 2169 2
680 2132 812 2170 modo
832 2132 889 2170 ad
910 2133 1086 2171 hostem
1104 2132 1336 2182 pervenire
1357 2132 1502 2171 liceat.

233 2186 340 2237 (with
359 2186 542 2235 neyative)
566 2187 623 2226 ix.
641 2199 668 2235 9
688 2199 770 2225 nec
789 2199 813 2224 a
834 2198 904 2224 me
925 2199 1045 2225 nunc
1065 2188 1304 2236 quisquam
1325 2187 1608 2236 quaesiverit.

281 2241 342 2279 xi.
359 2253 385 2288 4
399 2253 528 2279 nemo
549 2253 819 2290 quemquam
840 2240 1070 2291 deceperit.

282 2296 344 2334 xi.
370 2306 418 2344 13
436 2298 636 2333 moratus
656 2296 714 2333 sit
733 2307 877 2334 nemo.

232 2349 339 2400 (with
356 2348 693 2399 quantuslibet)
708 2350 833 2388 xviii.
851 2352 876 2388 8
889 2349 1170 2399 quantalibet
1189 2350 1451 2399 magnitudo
1467 2349 1610 2389 homi-

338 2404 410 2442 nis
430 2403 707 2454 concipiatur
725 2405 890 2443 animo.

120 2460 308 2498 Virtual
338 2461 540 2505 oblique
558 2472 566 2497 ;
602 2458 679 2496 vii.
704 2469 752 2507 15
781 2471 999 2498 consensu
1027 2459 1224 2498 civitatis
1258 2458 1375 2508 quod
1410 2459 1526 2498 nulli
1561 2470 1612 2496 ea

337 2514 598 2562 tempestate
628 2513 761 2552 duces
789 2513 994 2552 clariores
1022 2515 1181 2553 essent.

281 2580 353 2607 xv.
373 2578 398 2616 5
428 2567 641 2617 quoniam
661 2567 715 2606 ab
737 2567 940 2607 hostibus
960 2568 1009 2607 in
1030 2581 1075 2608 se
1095 2580 1233 2618 aequa
1254 2568 1393 2607 statui
1412 2597 1422 2607 .
1442 2595 1453 2608 .
1468 2597 1478 2607 .
1501 2566 1609 2606 mal·

335 2623 499 2673 uerint‚
521 2622 732 2661 nuntiare
752 2622 898 2673 iussit,
920 2621 991 2662 διο.
