1779 2897
165 154 237 207 40
748 147 881 187 TITI
935 147 1066 188 L1v1

163 284 425 327 Movements
475 287 529 338 of
571 286 638 326 the
688 285 873 326 consuls.
933 284 1153 338 Papirius
1195 284 1407 326 advcmces
1455 286 1645 327 towards

279 343 471 384 Luceria
517 344 569 395 by
614 343 823 384 northern
868 348 1017 384 route:
1061 342 1284 383 Publilius
1323 347 1363 384 to
1408 344 1640 386 Caudium.

279 401 499 442 Samnites
539 402 684 442 decide
723 406 763 442 to
803 402 894 454 θὴρ
936 401 1065 441 battle
1108 406 1149 441 to
1191 401 1258 441 the
1293 401 1432 442 latter,
1492 400 1643 443 Fierce

280 459 434 512 chen-qe
465 460 520 512 of
541 459 735 500 Romans
766 461 857 500 (md
882 463 982 501 νομί
1012 460 1067 512 of
1088 459 1318 500 Samm'tes.

117 593 141 630 9
232 573 479 621 Consules
513 573 651 620 inter
684 590 737 620 se
772 571 952 634 partiti
982 572 1284 634 provincias,
1314 572 1555 633 Papirius
1588 573 1643 620 in

163 653 413 714 Apuliam
447 655 510 701 ad
547 654 815 701 Luceriam
848 653 1030 715 pergit,
1067 653 1156 699 ubi
1198 653 1395 714 equites
1427 654 1646 701 Romani

164 734 366 781 obsides
398 735 461 782 ad
494 735 747 783 Caudium
784 735 890 781 dati
924 733 1354 793 custodiebantur,
1385 734 1645 782 Publilius

162 814 218 861 in
268 815 478 863 Samnio
526 815 759 862 substitit
804 815 1050 862 adversus
1096 814 1353 862 Caudinas
1398 815 1638 875 legiones,

95 913 140 941 10
163 895 413 942 distendit
449 912 505 943 ea
546 911 627 942 res
662 895 976 944 Samnitium
1016 895 1229 953 animos,
1271 896 1406 956 quod
1449 912 1541 943 nec
1582 897 1645 945 ad

163 976 433 1024 Luceriam
485 977 573 1036 ire,
628 993 694 1023 ne
745 976 808 1023 ab
860 978 1005 1037 tergo
1057 975 1275 1022 instaret
1323 975 1501 1036 hostis,
1553 993 1646 1024 nec

162 1073 384 1117 manere,
448 1074 512 1104 ne
571 1057 783 1104 Luceria
840 1056 1051 1104 interim
1120 1056 1459 1115 amitteretur,
1523 1057 1647 1105 satis

94 1155 137 1183 11
163 1137 433 1186 audebant.
525 1138 780 1198 optimum
821 1137 993 1184 visum
1041 1139 1118 1183 est
1168 1136 1486 1183 committere
1537 1154 1647 1185 rem

162 1218 404 1266 fortunae
463 1222 514 1267 et
573 1218 857 1280 transigere
918 1234 1035 1264 cum
1083 1217 1310 1264 Publilio
1370 1219 1640 1266 certamen.

161 1299 333 1361 itaque
369 1300 424 1346 in
460 1299 620 1347 aciem
663 1299 831 1359 copias
871 1300 1107 1346 educunt.

833 1514 973 1561 XIII

124 1657 138 1681 I
231 1636 498 1684 Adversus
523 1653 650 1697 quos
674 1636 933 1684 Publilius
968 1637 1146 1684 consul
1171 1653 1288 1684 cum
1314 1637 1650 1686 dimicaturus

164 1719 311 1776 esset,
354 1716 496 1777 prius
544 1717 893 1779 adloquendos
931 1717 1128 1765 milites
1169 1720 1312 1765 ratus
1354 1718 1649 1766 contionem

164 1797 400 1845 advocari
452 1797 614 1846 iussit.
705 1800 931 1845 ceterum
973 1798 1104 1846 sicut
1145 1798 1346 1859 ingenti
1387 1799 1649 1846 alacritate

164 1878 227 1925 ad
279 1878 594 1939 praetorium
646 1895 950 1926 concursum
998 1881 1091 1939 est,
1142 1880 1214 1926 ita
1262 1896 1382 1940 prae
1429 1880 1651 1927 clamore

164 1959 486 2020 poscentium
527 1976 754 2021 pugnam
801 1959 946 2007 nulla
990 1960 1281 2008 adhortatio
1322 1960 1651 2022 imperatoris

123 2059 139 2084 2
165 2039 340 2087 audita
363 2042 468 2087 est:
505 2056 628 2087 suus
659 2040 840 2102 cuique
874 2041 1078 2088 animus
1111 2057 1312 2087 memor
1334 2041 1649 2102 ignominiae

165 2120 464 2167 adhortator
522 2121 708 2170 aderat.
805 2122 1004 2169 vadunt
1064 2121 1221 2183 igitur
1278 2121 1335 2168 in
1395 2121 1649 2184 proelium

167 2203 406 2262 urgentes
442 2201 728 2262 signiferos,
769 2204 834 2261 et,
874 2219 938 2249 ne
973 2218 1119 2250 mora
1151 2202 1208 2249 in
1245 2219 1494 2250 concursu
1529 2203 1650 2265 pilis

165 2281 461 2329 emittendis
510 2283 926 2345 stringendisque
968 2282 1089 2331 inde
1130 2283 1314 2344 gladiis
1353 2286 1500 2345 esset,
1545 2283 1651 2345 pila

164 2361 309 2409 velut
347 2362 463 2409 dato
500 2362 563 2409 ad
598 2362 651 2409 id
687 2362 836 2424 signo
877 2363 1105 2410 abiciunt
1142 2363 1433 2424 strictisque
1467 2364 1650 2425 gladiis

123 2459 144 2496 3
166 2458 317 2490 cursu
350 2442 406 2489 in
439 2442 640 2489 hostem
673 2443 923 2491 feruntur.
999 2443 1134 2490 nihil
1159 2443 1266 2489 illic
1299 2443 1650 2504 imperatoriae

166 2522 289 2569 artis
330 2522 598 2569 ordinibus
640 2526 728 2570 aut
764 2523 1006 2571 subsidiis
1041 2524 1268 2570 locandis
1303 2523 1433 2583 suit3
1476 2525 1650 2573 omnia

119 2620 144 2656 4
167 2602 242 2649 ira
289 2602 530 2650 militaris
577 2620 731 2665 prope
782 2620 966 2652 vesano
1021 2604 1217 2667 impetu
1269 2604 1392 2665 egit.
1479 2605 1648 2665 itaque
