1779 2897
150 168 220 221 44
730 164 862 205 TITI
916 165 1049 205 L1V1

149 280 403 339 armatos,
424 295 616 339 servos,
640 279 839 340 liberos,
875 280 1103 342 puberes,
1133 280 1363 342 inpubes,
1394 280 1633 329 homines

80 378 123 404 12
148 358 511 420 iumentaque,
565 377 656 406 nec
709 360 875 407 ullum
930 362 1260 422 superfuisset
1314 361 1518 421 animal,
1576 362 1634 409 ni

151 438 387 486 consules
454 441 680 500 receptui
746 441 950 502 signum
1018 442 1291 503 dedissent,
1356 443 1632 504 avidosque

153 520 321 567 caedis
359 521 552 568 milites
589 539 615 568 e
652 522 830 568 castris
865 523 1095 570 hostium
1130 523 1347 585 imperio
1383 540 1440 570 ac
1475 523 1635 570 minis

80 620 126 658 13
151 601 482 661 expulissent.
546 603 717 664 itaque
744 604 877 664 apud
902 604 1132 651 infensos
1165 605 1228 650 ob
1254 604 1634 665 interpellatam

79 698 127 737 14
153 682 475 730 dulcedinem
527 684 630 731 irae
685 684 955 731 confestim
1007 685 1167 732 oratio
1220 685 1398 732 habita
1439 687 1536 745 est,
1576 689 1635 733 ut

152 763 417 810 doceretur
442 764 592 810 miles
622 765 840 812 minime
877 766 1111 826 cuiquam
1135 766 1367 812 militum
1401 766 1636 814 consules

152 844 267 890 odio
309 845 366 891 in
407 845 580 892 hostes
621 846 827 892 cessisse
870 848 957 892 aut
1001 863 1260 906 cessuros3
1317 848 1442 907 quin
1485 847 1636 894 duces

151 925 282 972 sicut
318 925 458 985 belli,
501 926 573 972 ita
608 925 916 973 insatiabilis
953 926 1191 986 supplicii
1226 924 1426 974 futuros
1460 927 1632 987 fuisse,

152 1006 209 1052 ni
255 1009 513 1068 respectus
557 1007 792 1068 equitum
840 1010 1202 1067 sescentorum,
1257 1008 1345 1069 qui
1393 1008 1635 1056 Luceriae

83 1107 129 1145 ยน5
153 1087 357 1134 obsides
391 1090 705 1146 tenerentur,
735 1089 1080 1149 praepedisset
1115 1088 1329 1146 animos,
1362 1105 1427 1135 ne
1467 1089 1637 1150 despe-

154 1170 263 1214 rata
286 1169 437 1215 venia
461 1169 634 1215 hostes
669 1185 840 1215 caecos
872 1169 927 1214 in
953 1169 1204 1229 supplicia
1234 1185 1412 1215 eorum
1447 1172 1631 1231 ageret,

84 1254 129 1292 16
154 1249 360 1309 perdere
403 1249 546 1309 prius
592 1265 745 1310 quam
797 1249 960 1310 perire
1008 1251 1259 1310 optantes
1330 1249 1538 1297 laudare
1579 1266 1639 1297 ea

154 1329 349 1376 milites
383 1329 662 1390 laetarique
706 1330 910 1376 obviam
946 1330 1079 1376 itum
1115 1330 1216 1377 irae
1255 1346 1374 1377 suae
1417 1347 1541 1390 esse,
1583 1346 1639 1378 ac

153 1409 303 1457 fat-eri
327 1410 502 1456 omnia
524 1410 766 1471 patienda
789 1410 962 1471 potius
996 1427 1149 1471 quam
1179 1411 1478 1471 proderetur
1501 1411 1639 1459 salus

153 1493 231 1538 tot
256 1490 547 1552 principum
575 1492 835 1537 Romanae
868 1491 1164 1539 iuventutis.

848 1704 946 1750 XV

156 1829 326 1869 Roman
371 1829 531 1869 armies
571 1828 705 1878 afsaiu
748 1828 904 1867 (livide.
969 1827 1190 1867 Publilius
1230 1827 1418 1867 subdues
1456 1827 1639 1879 Apulia,

275 1887 366 1926 ancl
402 1886 618 1938 Papirius
659 1885 779 1925 takes
812 1886 1013 1933 Luceria,
1050 1885 1140 1925 aud
1181 1885 1310 1924 sends
1345 1885 1412 1924 the
1446 1885 1643 1926 Samnite

273 1945 477 1997 {sat-rison
510 1944 655 1984 *under
684 1943 751 1984 the
783 1944 899 1995 gsolce.

116 2078 130 2103 1
226 2059 453 2107 Dimissa
484 2058 721 2105 contione
756 2057 1027 2103 consilium
1053 2056 1303 2114 habitum,
1335 2055 1643 2102 omnibusne

161 2140 319 2201 copiis
356 2140 623 2186 Luceriam
666 2140 973 2199 premerent,
1016 2153 1080 2183 an
1122 2137 1283 2183 altero
1325 2135 1552 2182 exercitu
1592 2140 1643 2184 et

162 2222 285 2268 duce
328 2220 490 2281 Apuli
532 2220 677 2277 circa,
726 2235 852 2280 gens
905 2218 1084 2264 dubiae
1139 2217 1202 2263 ad
1245 2216 1297 2262 id
1340 2216 1638 2274 voluntatis,

117 2321 134 2346 2
160 2304 559 2362 temptarentur.
630 2299 890 2347 Publilius
940 2298 1120 2344 consul
1169 2297 1232 2343 ad
1275 2297 1645 2357 peragrandam

163 2381 424 2442 profectus
446 2380 694 2441 Apuliam
717 2379 913 2440 aliquot
939 2378 1262 2439 expeditione
1296 2392 1400 2424 una
1430 2377 1647 2438 populos

163 2466 249 2509 aut
303 2462 356 2510 vi
409 2461 608 2523 subegit
665 2464 752 2507 aut
806 2458 1191 2506 condicionibus
1243 2457 1298 2503 in
1353 2458 1645 2504 societatem

116 2559 136 2596 3
163 2544 368 2604 accepit.
445 2542 650 2602 Papirio
705 2557 918 2602 quoque,
979 2539 1065 2601 qui
1120 2539 1351 2586 obsessor
1404 2538 1646 2586 Luceriae

166 2624 437 2682 restiterat,
473 2623 616 2669 brevi
650 2623 711 2668 ad
746 2638 890 2682 spem
923 2624 1139 2668 eventus
1175 2620 1450 2681 respondit.
1527 2635 1646 2665 nam
