<?xml version="1.0" encoding="UTF-8"?>
<!DOCTYPE html PUBLIC "-//W3C//DTD XHTML 1.0 Transitional//EN"
    "http://www.w3.org/TR/xhtml1/DTD/xhtml1-transitional.dtd">
<html xmlns="http://www.w3.org/1999/xhtml" xml:lang="en" lang="en">
 <head>
  <title>
</title>
<meta http-equiv="Content-Type" content="text/html;charset=utf-8" />
  <meta name='ocr-system' content='tesseract 3.04.00' />
  <meta name='ocr-capabilities' content='ocr_page ocr_carea ocr_par ocr_line ocrx_word'/>
</head>
<body>
  <div class='ocr_page' id='page_1' title='image "./bookixchapters1100livyuoft_0112.png"; bbox 0 0 1779 2897; ppageno 0'>
   <div class='ocr_carea' id='block_1_1' title="bbox 161 147 1162 205">
    <p class='ocr_par' dir='ltr' id='par_1_1' title="bbox 161 147 1162 205">
     <span class='ocr_line' id='line_1_1' title="bbox 161 147 1162 205; baseline 0.005 -19"><span class='ocrx_word' id='word_1_1' title='bbox 161 150 232 204; x_wconf 85' lang='lat'>94</span> <span class='ocrx_word' id='word_1_2' title='bbox 636 147 803 205; x_wconf 84' lang='lat' dir='ltr'>LIVY,</span> <span class='ocrx_word' id='word_1_3' title='bbox 863 147 1041 191; x_wconf 83' lang='lat' dir='ltr'>BOOK</span> <span class='ocrx_word' id='word_1_4' title='bbox 1093 149 1162 191; x_wconf 83' lang='lat' dir='ltr'>1x</span> 
     </span>
    </p>
   </div>
   <div class='ocr_carea' id='block_1_2' title="bbox 245 260 1574 473">
    <p class='ocr_par' dir='ltr' id='par_1_2' title="bbox 245 260 1574 473">
     <span class='ocr_line' id='line_1_2' title="bbox 245 260 1327 314; baseline 0.006 -17"><span class='ocrx_word' id='word_1_5' title='bbox 245 260 305 310; x_wconf 76' lang='lat'>(4)</span> <span class='ocrx_word' id='word_1_6' title='bbox 338 263 513 300; x_wconf 68' lang='lat' dir='ltr'>Locatire.</span> <span class='ocrx_word' id='word_1_7' title='bbox 570 262 646 300; x_wconf 77' lang='lat' dir='ltr'>vii.</span> <span class='ocrx_word' id='word_1_8' title='bbox 667 276 693 312; x_wconf 93' lang='lat'>9</span> <span class='ocrx_word' id='word_1_9' title='bbox 711 263 818 300; x_wconf 86' lang='lat' dir='ltr'>urbe</span> <span class='ocrx_word' id='word_1_10' title='bbox 838 264 1019 301; x_wconf 82' lang='lat' dir='ltr'>tectisve</span> <span class='ocrx_word' id='word_1_11' title='bbox 1038 264 1327 314; x_wconf 80' lang='lat' dir='ltr'>accipiendos.</span> 
     </span>
     <span class='ocr_line' id='line_1_3' title="bbox 322 314 1037 366; baseline 0.006 -15"><span class='ocrx_word' id='word_1_12' title='bbox 322 314 418 353; x_wconf 85' lang='lat' dir='ltr'>xiii.</span> <span class='ocrx_word' id='word_1_13' title='bbox 436 327 458 362; x_wconf 90' lang='lat'>4</span> <span class='ocrx_word' id='word_1_14' title='bbox 480 316 636 353; x_wconf 83' lang='lat' dir='ltr'>castris</span> <span class='ocrx_word' id='word_1_15' title='bbox 656 316 804 365; x_wconf 87' lang='lat' dir='ltr'>fugam</span> <span class='ocrx_word' id='word_1_16' title='bbox 824 317 1037 366; x_wconf 81' lang='lat' dir='ltr'>inpedire</span> 
     </span>
     <span class='ocr_line' id='line_1_4' title="bbox 322 359 1154 432; baseline 0.006 -27"><span class='ocrx_word' id='word_1_17' title='bbox 322 369 411 407; x_wconf 80' lang='lat' dir='ltr'>xix.</span> <span class='ocrx_word' id='word_1_18' title='bbox 431 381 453 417; x_wconf 93' lang='lat'><strong>7</strong></span> <span class='ocrx_word' id='word_1_19' title='bbox 475 369 568 407; x_wconf 81' lang='lat' dir='ltr'>ictu</span> <span class='ocrx_word' id='word_1_20' title='bbox 587 371 812 432; x_wconf 83' lang='lat' dir='ltr'>missuque</span> <span class='ocrx_word' id='word_1_21' title='bbox 831 359 1154 410; x_wconf 80' lang='lat' dir='ltr'>vehementius.</span> 
     </span>
     <span class='ocr_line' id='line_1_5' title="bbox 323 423 1574 473; baseline 0.004 -14"><span class='ocrx_word' id='word_1_22' title='bbox 323 423 410 460; x_wconf 82' lang='lat' dir='ltr'>xvi.</span> <span class='ocrx_word' id='word_1_23' title='bbox 433 435 454 471; x_wconf 95' lang='lat'><strong>7</strong></span> <span class='ocrx_word' id='word_1_24' title='bbox 475 423 564 461; x_wconf 86' lang='lat' dir='ltr'>and</span> <span class='ocrx_word' id='word_1_25' title='bbox 583 436 609 472; x_wconf 93' lang='lat'>9</span> <span class='ocrx_word' id='word_1_26' title='bbox 628 425 828 473; x_wconf 85' lang='lat' dir='ltr'>proxima</span> <span class='ocrx_word' id='word_1_27' title='bbox 848 427 996 463; x_wconf 83' lang='lat' dir='ltr'>nocte:</span> <span class='ocrx_word' id='word_1_28' title='bbox 1027 427 1251 464; x_wconf 85' lang='lat' dir='ltr'>momento</span> <span class='ocrx_word' id='word_1_29' title='bbox 1271 424 1407 464; x_wconf 86' lang='lat' dir='ltr'>unius</span> <span class='ocrx_word' id='word_1_30' title='bbox 1427 425 1574 464; x_wconf 84' lang='lat' dir='ltr'>horae.</span> 
     </span>
    </p>
   </div>
   <div class='ocr_carea' id='block_1_3' title="bbox 722 547 1084 587">
    <p class='ocr_par' dir='ltr' id='par_1_3' title="bbox 722 547 1084 587">
     <span class='ocr_line' id='line_1_6' title="bbox 722 547 1084 587; baseline 0.006 -3"><span class='ocrx_word' id='word_1_31' title='bbox 722 547 1084 587; x_wconf 83' lang='lat' dir='ltr'><strong>INDICATIVE.</strong></span> 
     </span>
    </p>
   </div>
   <div class='ocr_carea' id='block_1_4' title="bbox 161 624 1643 1525">
    <p class='ocr_par' dir='ltr' id='par_1_4' title="bbox 161 624 1643 1525">
     <span class='ocr_line' id='line_1_7' title="bbox 162 624 1640 674; baseline 0.001 -13"><span class='ocrx_word' id='word_1_32' title='bbox 162 625 338 662; x_wconf 79' lang='lat' dir='ltr'>Future</span> <span class='ocrx_word' id='word_1_33' title='bbox 360 625 565 663; x_wconf 83' lang='lat' dir='ltr'>Perfeet:</span> <span class='ocrx_word' id='word_1_34' title='bbox 603 624 648 662; x_wconf 89' lang='lat' dir='ltr'>ii.</span> <span class='ocrx_word' id='word_1_35' title='bbox 670 626 694 663; x_wconf 88' lang='lat'>8</span> <span class='ocrx_word' id='word_1_36' title='bbox 723 625 875 662; x_wconf 86' lang='lat' dir='ltr'>eadem</span> <span class='ocrx_word' id='word_1_37' title='bbox 905 637 992 674; x_wconf 88' lang='lat' dir='ltr'>qua</span> <span class='ocrx_word' id='word_1_38' title='bbox 1021 628 1064 663; x_wconf 89' lang='lat' dir='ltr'>te</span> <span class='ocrx_word' id='word_1_39' title='bbox 1093 626 1393 664; x_wconf 84' lang='lat' dir='ltr'>insinuaveris</span> <span class='ocrx_word' id='word_1_40' title='bbox 1422 628 1540 665; x_wconf 88' lang='lat' dir='ltr'>retro</span> <span class='ocrx_word' id='word_1_41' title='bbox 1569 626 1640 663; x_wconf 88' lang='lat' dir='ltr'>via</span> 
     </span>
     <span class='ocr_line' id='line_1_8' title="bbox 377 678 722 726; baseline 0.003 -11"><span class='ocrx_word' id='word_1_42' title='bbox 377 678 615 726; x_wconf 87' lang='lat' dir='ltr'>repetenda</span> <span class='ocrx_word' id='word_1_43' title='bbox 644 681 722 716; x_wconf 88' lang='lat' dir='ltr'>est.</span> 
     </span>
     <span class='ocr_line' id='line_1_9' title="bbox 321 731 1530 782; baseline 0.002 -14"><span class='ocrx_word' id='word_1_44' title='bbox 321 731 386 770; x_wconf 88' lang='lat' dir='ltr'>iii.</span> <span class='ocrx_word' id='word_1_45' title='bbox 416 744 462 768; x_wconf 87' lang='lat'>12</span> <span class='ocrx_word' id='word_1_46' title='bbox 483 734 653 770; x_wconf 85' lang='lat' dir='ltr'>servate</span> <span class='ocrx_word' id='word_1_47' title='bbox 673 732 804 770; x_wconf 89' lang='lat' dir='ltr'>modo</span> <span class='ocrx_word' id='word_1_48' title='bbox 830 745 937 781; x_wconf 83' lang='lat' dir='ltr'>quos</span> <span class='ocrx_word' id='word_1_49' title='bbox 956 733 1203 782; x_wconf 88' lang='lat' dir='ltr'>ignominia</span> <span class='ocrx_word' id='word_1_50' title='bbox 1223 734 1530 772; x_wconf 84' lang='lat' dir='ltr'>inritaveritis.</span> 
     </span>
     <span class='ocr_line' id='line_1_10' title="bbox 322 786 1642 837; baseline 0.003 -15"><span class='ocrx_word' id='word_1_51' title='bbox 322 786 415 824; x_wconf 87' lang='lat' dir='ltr'>viii.</span> <span class='ocrx_word' id='word_1_52' title='bbox 442 798 462 833; x_wconf 92' lang='lat'><strong>7</strong></span> <span class='ocrx_word' id='word_1_53' title='bbox 492 798 573 823; x_wconf 84' lang='lat' dir='ltr'>nec</span> <span class='ocrx_word' id='word_1_54' title='bbox 611 786 733 835; x_wconf 86' lang='lat' dir='ltr'>prius</span> <span class='ocrx_word' id='word_1_55' title='bbox 770 787 944 836; x_wconf 84' lang='lat' dir='ltr'>ingredi</span> <span class='ocrx_word' id='word_1_56' title='bbox 974 815 983 824; x_wconf 92' lang='lat'><em>.</em></span> <span class='ocrx_word' id='word_1_57' title='bbox 1005 817 1015 826; x_wconf 88' lang='lat'><strong>.</strong></span> <span class='ocrx_word' id='word_1_58' title='bbox 1041 816 1050 825; x_wconf 91' lang='lat'><strong>.</strong></span> <span class='ocrx_word' id='word_1_59' title='bbox 1084 800 1218 835; x_wconf 88' lang='lat' dir='ltr'>quam</span> <span class='ocrx_word' id='word_1_60' title='bbox 1264 789 1415 825; x_wconf 91' lang='lat' dir='ltr'>omnia</span> <span class='ocrx_word' id='word_1_61' title='bbox 1450 786 1642 837; x_wconf 81' lang='lat' dir='ltr'>perfecta</span> 
     </span>
     <span class='ocr_line' id='line_1_11' title="bbox 375 841 518 878; baseline 0 -1"><span class='ocrx_word' id='word_1_62' title='bbox 375 841 518 878; x_wconf 86' lang='lat' dir='ltr'>erunt.</span> 
     </span>
     <span class='ocr_line' id='line_1_12' title="bbox 162 894 1640 945; baseline 0.003 -15"><span class='ocrx_word' id='word_1_63' title='bbox 162 895 479 932; x_wconf 83' lang='lat' dir='ltr'>Deliberative</span> <span class='ocrx_word' id='word_1_64' title='bbox 499 900 708 938; x_wconf 85' lang='lat' dir='ltr'>present:</span> <span class='ocrx_word' id='word_1_65' title='bbox 739 894 864 933; x_wconf 83' lang='lat' dir='ltr'>xviii.</span> <span class='ocrx_word' id='word_1_66' title='bbox 881 905 904 942; x_wconf 84' lang='lat'><strong><em>5</em></strong></span> <span class='ocrx_word' id='word_1_67' title='bbox 926 894 1110 932; x_wconf 89' lang='lat' dir='ltr'>nullane</span> <span class='ocrx_word' id='word_1_68' title='bbox 1137 895 1245 934; x_wconf 87' lang='lat' dir='ltr'>haec</span> <span class='ocrx_word' id='word_1_69' title='bbox 1271 895 1434 933; x_wconf 87' lang='lat' dir='ltr'>damna</span> <span class='ocrx_word' id='word_1_70' title='bbox 1453 895 1640 945; x_wconf 89' lang='lat' dir='ltr'>impera-</span> 
     </span>
     <span class='ocr_line' id='line_1_13' title="bbox 377 947 1023 986; baseline 0.003 -2"><span class='ocrx_word' id='word_1_71' title='bbox 377 947 503 985; x_wconf 88' lang='lat' dir='ltr'>toriis</span> <span class='ocrx_word' id='word_1_72' title='bbox 522 948 766 986; x_wconf 84' lang='lat' dir='ltr'>virtutibus</span> <span class='ocrx_word' id='word_1_73' title='bbox 786 948 990 986; x_wconf 81' lang='lat' dir='ltr'>ducimus</span> <span class='ocrx_word' id='word_1_74' title='bbox 1003 950 1023 986; x_wconf 82' lang='lat'>⁴?</span> 
     </span>
     <span class='ocr_line' id='line_1_14' title="bbox 161 1003 1642 1050; baseline 0.003 -13"><span class='ocrx_word' id='word_1_75' title='bbox 161 1003 220 1038; x_wconf 83' lang='lat' dir='ltr'>In</span> <span class='ocrx_word' id='word_1_76' title='bbox 240 1003 538 1040; x_wconf 72' lang='lat' dir='ltr'>conditional</span> <span class='ocrx_word' id='word_1_77' title='bbox 560 1004 839 1041; x_wconf 76' lang='lat' dir='ltr'>sentences:</span> <span class='ocrx_word' id='word_1_78' title='bbox 868 1003 926 1041; x_wconf 81' lang='lat' dir='ltr'>ix.</span> <span class='ocrx_word' id='word_1_79' title='bbox 952 1014 998 1038; x_wconf 88' lang='lat'>12</span> <span class='ocrx_word' id='word_1_80' title='bbox 1027 1015 1100 1050; x_wconf 87' lang='lat' dir='ltr'>an,</span> <span class='ocrx_word' id='word_1_81' title='bbox 1121 1003 1154 1040; x_wconf 89' lang='lat' dir='ltr'>si</span> <span class='ocrx_word' id='word_1_82' title='bbox 1184 1016 1290 1041; x_wconf 85' lang='lat' dir='ltr'>sana</span> <span class='ocrx_word' id='word_1_83' title='bbox 1317 1015 1443 1041; x_wconf 89' lang='lat' dir='ltr'>mens</span> <span class='ocrx_word' id='word_1_84' title='bbox 1470 1003 1642 1048; x_wconf 83' lang='lat' dir='ltr'>fuisset,</span> 
     </span>
     <span class='ocr_line' id='line_1_15' title="bbox 378 1054 1191 1105; baseline 0.002 -13"><span class='ocrx_word' id='word_1_85' title='bbox 378 1055 554 1093; x_wconf 87' lang='lat' dir='ltr'>difficile</span> <span class='ocrx_word' id='word_1_86' title='bbox 573 1054 666 1092; x_wconf 88' lang='lat' dir='ltr'>illis</span> <span class='ocrx_word' id='word_1_87' title='bbox 686 1055 773 1094; x_wconf 85' lang='lat' dir='ltr'>fuit</span> <span class='ocrx_word' id='word_1_88' title='bbox 793 1057 971 1093; x_wconf 85' lang='lat' dir='ltr'>mittere</span> <span class='ocrx_word' id='word_1_89' title='bbox 992 1056 1191 1105; x_wconf 82' lang='lat' dir='ltr'>legatos?</span> 
     </span>
     <span class='ocr_line' id='line_1_16' title="bbox 322 1109 1464 1159; baseline 0.003 -14"><span class='ocrx_word' id='word_1_90' title='bbox 322 1109 379 1148; x_wconf 82' lang='lat' dir='ltr'>xi.</span> <span class='ocrx_word' id='word_1_91' title='bbox 403 1110 427 1146; x_wconf 92' lang='lat'>8</span> <span class='ocrx_word' id='word_1_92' title='bbox 451 1110 639 1159; x_wconf 76' lang='lat' dir='ltr'>(protaszs</span> <span class='ocrx_word' id='word_1_93' title='bbox 659 1110 828 1157; x_wconf 77' lang='lat' dir='ltr'>implied)</span> <span class='ocrx_word' id='word_1_94' title='bbox 852 1110 933 1147; x_wconf 82' lang='lat' dir='ltr'>hoc</span> <span class='ocrx_word' id='word_1_95' title='bbox 952 1110 1070 1148; x_wconf 90' lang='lat' dir='ltr'>fide.</span> <span class='ocrx_word' id='word_1_96' title='bbox 1120 1110 1337 1159; x_wconf 79' lang='lat' dir='ltr'>,dignum</span> <span class='ocrx_word' id='word_1_97' title='bbox 1356 1113 1464 1148; x_wconf 87' lang='lat' dir='ltr'>erat.</span> 
     </span>
     <span class='ocr_line' id='line_1_17' title="bbox 322 1162 1641 1214; baseline 0.002 -14"><span class='ocrx_word' id='word_1_98' title='bbox 322 1175 378 1200; x_wconf 83' lang='lat' dir='ltr'>xv</span> <span class='ocrx_word' id='word_1_99' title='bbox 382 1164 428 1201; x_wconf 86' lang='lat' dir='ltr'>ii.</span> <span class='ocrx_word' id='word_1_100' title='bbox 454 1175 497 1200; x_wconf 91' lang='lat'>11</span> <span class='ocrx_word' id='word_1_101' title='bbox 531 1162 724 1214; x_wconf 77' lang='lat' dir='ltr'>(protasis</span> <span class='ocrx_word' id='word_1_102' title='bbox 744 1165 915 1214; x_wconf 76' lang='lat' dir='ltr'>z&#39;mplzed)</span> <span class='ocrx_word' id='word_1_103' title='bbox 936 1164 1097 1212; x_wconf 85' lang='lat' dir='ltr'>quibus</span> <span class='ocrx_word' id='word_1_104' title='bbox 1117 1176 1217 1202; x_wconf 85' lang='lat' dir='ltr'>cum</span> <span class='ocrx_word' id='word_1_105' title='bbox 1237 1163 1491 1203; x_wconf 77' lang='lat' dir='ltr'>Alexandro</span> <span class='ocrx_word' id='word_1_106' title='bbox 1512 1164 1641 1203; x_wconf 92' lang='lat' dir='ltr'>dimi-</span> 
     </span>
     <span class='ocr_line' id='line_1_18' title="bbox 376 1217 702 1255; baseline -0.003 0"><span class='ocrx_word' id='word_1_107' title='bbox 376 1217 568 1255; x_wconf 85' lang='lat' dir='ltr'>candum</span> <span class='ocrx_word' id='word_1_108' title='bbox 596 1219 702 1255; x_wconf 86' lang='lat' dir='ltr'>erat.</span> 
     </span>
     <span class='ocr_line' id='line_1_19' title="bbox 161 1269 1049 1322; baseline 0.002 -14"><span class='ocrx_word' id='word_1_109' title='bbox 161 1273 298 1309; x_wconf 83' lang='lat' dir='ltr'>With</span> <span class='ocrx_word' id='word_1_110' title='bbox 318 1274 432 1316; x_wconf 85' lang='lat' dir='ltr'>quin</span> <span class='ocrx_word' id='word_1_111' title='bbox 447 1276 466 1309; x_wconf 68' lang='grc'><strong>9</strong></span> <span class='ocrx_word' id='word_1_112' title='bbox 500 1275 581 1317; x_wconf 75' lang='lat' dir='ltr'>why</span> <span class='ocrx_word' id='word_1_113' title='bbox 603 1276 664 1309; x_wconf 75' lang='lat' dir='ltr'>not</span> <span class='ocrx_word' id='word_1_114' title='bbox 677 1275 694 1309; x_wconf 73' lang='lat'>‚9</span> <span class='ocrx_word' id='word_1_115' title='bbox 724 1269 783 1320; x_wconf 64' lang='grc' dir='ltr'>(ε</span> <span class='ocrx_word' id='word_1_116' title='bbox 797 1271 1049 1322; x_wconf 76' lang='lat' dir='ltr'>imperative).</span> 
     </span>
     <span class='ocr_line' id='line_1_20' title="bbox 323 1325 1010 1374; baseline 0.004 -12"><span class='ocrx_word' id='word_1_117' title='bbox 323 1337 362 1362; x_wconf 79' lang='lat' dir='ltr'>x.</span> <span class='ocrx_word' id='word_1_118' title='bbox 388 1337 407 1373; x_wconf 91' lang='lat'><strong>7</strong></span> <span class='ocrx_word' id='word_1_119' title='bbox 430 1325 538 1374; x_wconf 90' lang='lat' dir='ltr'>quin</span> <span class='ocrx_word' id='word_1_120' title='bbox 560 1327 610 1362; x_wconf 86' lang='lat' dir='ltr'>tu</span> <span class='ocrx_word' id='word_1_121' title='bbox 630 1325 812 1363; x_wconf 79' lang='lat' dir='ltr'>adducis</span> <span class='ocrx_word' id='word_1_122' title='bbox 832 1326 976 1364; x_wconf 83' lang='lat' dir='ltr'>lorum</span> <span class='ocrx_word' id='word_1_123' title='bbox 990 1328 1010 1364; x_wconf 68' lang='grc' dir='ltr'>ἱ)</span> 
     </span>
     <span class='ocr_line' id='line_1_21' title="bbox 322 1379 1010 1428; baseline 0.003 -12"><span class='ocrx_word' id='word_1_124' title='bbox 322 1379 381 1416; x_wconf 78' lang='lat' dir='ltr'>xi.</span> <span class='ocrx_word' id='word_1_125' title='bbox 406 1392 429 1416; x_wconf 90' lang='lat'><em>2</em></span> <span class='ocrx_word' id='word_1_126' title='bbox 451 1380 560 1428; x_wconf 82' lang='lat' dir='ltr'>quin</span> <span class='ocrx_word' id='word_1_127' title='bbox 582 1381 632 1416; x_wconf 91' lang='lat' dir='ltr'>tu</span> <span class='ocrx_word' id='word_1_128' title='bbox 651 1409 660 1417; x_wconf 90' lang='lat'><strong>.</strong></span> <span class='ocrx_word' id='word_1_129' title='bbox 682 1409 691 1418; x_wconf 87' lang='lat'><strong>.</strong></span> <span class='ocrx_word' id='word_1_130' title='bbox 710 1408 719 1417; x_wconf 91' lang='lat'><strong>.</strong></span> <span class='ocrx_word' id='word_1_131' title='bbox 743 1382 867 1428; x_wconf 86' lang='lat' dir='ltr'>pacto</span> <span class='ocrx_word' id='word_1_132' title='bbox 888 1382 1010 1419; x_wconf 76' lang='lat' dir='ltr'>stas?</span> 
     </span>
     <span class='ocr_line' id='line_1_22' title="bbox 322 1433 1643 1481; baseline 0.003 -11"><span class='ocrx_word' id='word_1_133' title='bbox 322 1434 445 1470; x_wconf 82' lang='lat' dir='ltr'>xviii.</span> <span class='ocrx_word' id='word_1_134' title='bbox 475 1445 518 1470; x_wconf 94' lang='lat'>11</span> <span class='ocrx_word' id='word_1_135' title='bbox 552 1433 661 1481; x_wconf 89' lang='lat' dir='ltr'>quin</span> <span class='ocrx_word' id='word_1_136' title='bbox 688 1435 737 1471; x_wconf 88' lang='lat' dir='ltr'>tu</span> <span class='ocrx_word' id='word_1_137' title='bbox 763 1434 959 1472; x_wconf 89' lang='lat' dir='ltr'>hominis</span> <span class='ocrx_word' id='word_1_138' title='bbox 986 1446 1086 1473; x_wconf 83' lang='lat' dir='ltr'>eum</span> <span class='ocrx_word' id='word_1_139' title='bbox 1114 1434 1295 1472; x_wconf 90' lang='lat' dir='ltr'>homine</span> <span class='ocrx_word' id='word_1_140' title='bbox 1316 1465 1324 1474; x_wconf 95' lang='lat'><strong>.</strong></span> <span class='ocrx_word' id='word_1_141' title='bbox 1350 1463 1361 1474; x_wconf 92' lang='lat'>.</span> <span class='ocrx_word' id='word_1_142' title='bbox 1384 1464 1394 1474; x_wconf 90' lang='lat'><strong>.</strong></span> <span class='ocrx_word' id='word_1_143' title='bbox 1417 1436 1643 1474; x_wconf 86' lang='lat' dir='ltr'>fortunam</span> 
     </span>
     <span class='ocr_line' id='line_1_23' title="bbox 376 1487 574 1525; baseline 0 0"><span class='ocrx_word' id='word_1_144' title='bbox 376 1487 574 1525; x_wconf 63' lang='lat' dir='ltr'>confers?</span> 
     </span>
    </p>
   </div>
   <div class='ocr_carea' id='block_1_5' title="bbox 672 1583 1122 1631">
    <p class='ocr_par' dir='ltr' id='par_1_5' title="bbox 672 1583 1122 1631">
     <span class='ocr_line' id='line_1_24' title="bbox 672 1583 1122 1631; baseline 0.004 -11"><span class='ocrx_word' id='word_1_145' title='bbox 672 1583 1018 1631; x_wconf 86' lang='lat' dir='ltr'>INFINITIVE,</span> <span class='ocrx_word' id='word_1_146' title='bbox 1051 1584 1122 1622; x_wconf 84' lang='lat' dir='ltr'>&amp;c.</span> 
     </span>
    </p>
   </div>
   <div class='ocr_carea' id='block_1_6' title="bbox 163 1664 1642 2687">
    <p class='ocr_par' dir='ltr' id='par_1_6' title="bbox 163 1664 1642 2687">
     <span class='ocr_line' id='line_1_25' title="bbox 163 1664 1641 1705; baseline 0.002 -4"><span class='ocrx_word' id='word_1_147' title='bbox 163 1666 353 1702; x_wconf 84' lang='lat' dir='ltr'>Gerund</span> <span class='ocrx_word' id='word_1_148' title='bbox 374 1667 466 1702; x_wconf 86' lang='lat' dir='ltr'>and</span> <span class='ocrx_word' id='word_1_149' title='bbox 488 1666 754 1702; x_wconf 86' lang='lat' dir='ltr'>Gerundive</span> <span class='ocrx_word' id='word_1_150' title='bbox 774 1678 782 1702; x_wconf 74' lang='grc' dir='ltr'>ε</span> <span class='ocrx_word' id='word_1_151' title='bbox 816 1678 856 1702; x_wconf 76' lang='lat' dir='ltr'>v.</span> <span class='ocrx_word' id='word_1_152' title='bbox 881 1677 921 1701; x_wconf 91' lang='lat'>11</span> <span class='ocrx_word' id='word_1_153' title='bbox 945 1664 1053 1703; x_wconf 88' lang='lat' dir='ltr'>hora</span> <span class='ocrx_word' id='word_1_154' title='bbox 1073 1693 1083 1703; x_wconf 93' lang='lat'>.</span> <span class='ocrx_word' id='word_1_155' title='bbox 1104 1694 1113 1703; x_wconf 91' lang='lat'>.</span> <span class='ocrx_word' id='word_1_156' title='bbox 1135 1693 1145 1703; x_wconf 85' lang='lat'><strong><em>.</em></strong></span> <span class='ocrx_word' id='word_1_157' title='bbox 1166 1665 1349 1704; x_wconf 81' lang='lat' dir='ltr'>advenit</span> <span class='ocrx_word' id='word_1_158' title='bbox 1368 1666 1521 1705; x_wconf 85' lang='lat' dir='ltr'>omnia</span> <span class='ocrx_word' id='word_1_159' title='bbox 1541 1666 1641 1704; x_wconf 88' lang='lat' dir='ltr'>tris-</span> 
     </span>
     <span class='ocr_line' id='line_1_26' title="bbox 376 1718 978 1767; baseline 0.003 -12"><span class='ocrx_word' id='word_1_160' title='bbox 376 1718 487 1755; x_wconf 90' lang='lat' dir='ltr'>tiora</span> <span class='ocrx_word' id='word_1_161' title='bbox 507 1718 778 1767; x_wconf 80' lang='lat' dir='ltr'>experiundo</span> <span class='ocrx_word' id='word_1_162' title='bbox 798 1719 978 1757; x_wconf 75' lang='lat' dir='ltr'>factura.</span> 
     </span>
     <span class='ocr_line' id='line_1_27' title="bbox 323 1772 1112 1819; baseline 0.003 -10"><span class='ocrx_word' id='word_1_163' title='bbox 323 1772 352 1810; x_wconf 86' lang='lat' dir='ltr'>i.</span> <span class='ocrx_word' id='word_1_164' title='bbox 371 1785 394 1819; x_wconf 92' lang='lat'>4</span> <span class='ocrx_word' id='word_1_165' title='bbox 416 1772 471 1809; x_wconf 90' lang='lat' dir='ltr'>ad</span> <span class='ocrx_word' id='word_1_166' title='bbox 491 1773 796 1810; x_wconf 84' lang='lat' dir='ltr'>necessitatem</span> <span class='ocrx_word' id='word_1_167' title='bbox 818 1772 1010 1810; x_wconf 86' lang='lat' dir='ltr'>dedendi</span> <span class='ocrx_word' id='word_1_168' title='bbox 1031 1786 1112 1812; x_wconf 88' lang='lat' dir='ltr'>res.</span> 
     </span>
     <span class='ocr_line' id='line_1_28' title="bbox 321 1826 1642 1876; baseline 0.002 -13"><span class='ocrx_word' id='word_1_169' title='bbox 321 1826 351 1864; x_wconf 91' lang='lat' dir='ltr'>i.</span> <span class='ocrx_word' id='word_1_170' title='bbox 373 1839 399 1875; x_wconf 91' lang='lat'>9</span> <span class='ocrx_word' id='word_1_171' title='bbox 428 1827 515 1864; x_wconf 88' lang='lat' dir='ltr'>nisi</span> <span class='ocrx_word' id='word_1_172' title='bbox 544 1826 841 1864; x_wconf 88' lang='lat' dir='ltr'>hauriendum</span> <span class='ocrx_word' id='word_1_173' title='bbox 872 1827 1130 1876; x_wconf 78' lang='lat' dir='ltr'>sanguinem</span> <span class='ocrx_word' id='word_1_174' title='bbox 1157 1826 1458 1876; x_wconf 83' lang='lat' dir='ltr'>laniandaque</span> <span class='ocrx_word' id='word_1_175' title='bbox 1476 1829 1642 1867; x_wconf 84' lang='lat' dir='ltr'>viscera</span> 
     </span>
     <span class='ocr_line' id='line_1_29' title="bbox 377 1881 724 1929; baseline 0.003 -11"><span class='ocrx_word' id='word_1_176' title='bbox 377 1881 724 1929; x_wconf 79' lang='lat' dir='ltr'>praebuerimus.</span> 
     </span>
     <span class='ocr_line' id='line_1_30' title="bbox 322 1934 1142 1983; baseline 0.002 -12"><span class='ocrx_word' id='word_1_177' title='bbox 322 1946 392 1971; x_wconf 78' lang='lat' dir='ltr'>xv.</span> <span class='ocrx_word' id='word_1_178' title='bbox 418 1946 439 1982; x_wconf 93' lang='lat'><strong>7</strong></span> <span class='ocrx_word' id='word_1_179' title='bbox 458 1947 566 1983; x_wconf 86' lang='lat' dir='ltr'>quos</span> <span class='ocrx_word' id='word_1_180' title='bbox 587 1934 896 1973; x_wconf 84' lang='lat' dir='ltr'>custodiendos</span> <span class='ocrx_word' id='word_1_181' title='bbox 917 1935 1142 1973; x_wconf 87' lang='lat' dir='ltr'>dederant.</span> 
     </span>
     <span class='ocr_line' id='line_1_31' title="bbox 322 1988 1582 2030; baseline 0.002 -4"><span class='ocrx_word' id='word_1_182' title='bbox 322 2000 362 2026; x_wconf 81' lang='lat' dir='ltr'>v,</span> <span class='ocrx_word' id='word_1_183' title='bbox 384 1990 409 2026; x_wconf 90' lang='lat'>8</span> <span class='ocrx_word' id='word_1_184' title='bbox 430 2001 550 2027; x_wconf 86' lang='lat' dir='ltr'>arma</span> <span class='ocrx_word' id='word_1_185' title='bbox 570 2000 672 2026; x_wconf 81' lang='lat' dir='ltr'>mox</span> <span class='ocrx_word' id='word_1_186' title='bbox 690 1988 907 2026; x_wconf 86' lang='lat' dir='ltr'>tradenda</span> <span class='ocrx_word' id='word_1_187' title='bbox 925 1991 969 2027; x_wconf 88' lang='lat' dir='ltr'>et</span> <span class='ocrx_word' id='word_1_188' title='bbox 989 1989 1182 2028; x_wconf 87' lang='lat' dir='ltr'>inermes</span> <span class='ocrx_word' id='word_1_189' title='bbox 1202 1989 1374 2029; x_wconf 84' lang='lat' dir='ltr'>futuras</span> <span class='ocrx_word' id='word_1_190' title='bbox 1394 1989 1582 2030; x_wconf 80' lang='lat' dir='ltr'>dextras,</span> 
     </span>
     <span class='ocr_line' id='line_1_32' title="bbox 321 2043 1346 2092; baseline 0.002 -12"><span class='ocrx_word' id='word_1_191' title='bbox 321 2043 379 2080; x_wconf 80' lang='lat' dir='ltr'>xi.</span> <span class='ocrx_word' id='word_1_192' title='bbox 407 2055 428 2090; x_wconf 95' lang='lat'><strong>7</strong></span> <span class='ocrx_word' id='word_1_193' title='bbox 450 2044 569 2081; x_wconf 82' lang='lat' dir='ltr'>inter</span> <span class='ocrx_word' id='word_1_194' title='bbox 589 2043 896 2092; x_wconf 81' lang='lat' dir='ltr'>accipiendum</span> <span class='ocrx_word' id='word_1_195' title='bbox 916 2055 1073 2081; x_wconf 88' lang='lat' dir='ltr'>aurum</span> <span class='ocrx_word' id='word_1_196' title='bbox 1095 2044 1207 2082; x_wconf 83' lang='lat' dir='ltr'>caesi</span> <span class='ocrx_word' id='word_1_197' title='bbox 1227 2045 1346 2082; x_wconf 85' lang='lat' dir='ltr'>sunt.</span> 
     </span>
     <span class='ocr_line' id='line_1_33' title="bbox 324 2096 1450 2147; baseline 0.004 -14"><span class='ocrx_word' id='word_1_198' title='bbox 324 2097 380 2134; x_wconf 82' lang='lat' dir='ltr'>ix.</span> <span class='ocrx_word' id='word_1_199' title='bbox 410 2108 458 2145; x_wconf 92' lang='lat'>19</span> <span class='ocrx_word' id='word_1_200' title='bbox 476 2096 584 2135; x_wconf 83' lang='lat' dir='ltr'>haec</span> <span class='ocrx_word' id='word_1_201' title='bbox 604 2097 748 2146; x_wconf 86' lang='lat' dir='ltr'>capita</span> <span class='ocrx_word' id='word_1_202' title='bbox 768 2096 957 2135; x_wconf 87' lang='lat' dir='ltr'>luendae</span> <span class='ocrx_word' id='word_1_203' title='bbox 979 2098 1227 2147; x_wconf 84' lang='lat' dir='ltr'>sponsionis</span> <span class='ocrx_word' id='word_1_204' title='bbox 1245 2098 1450 2137; x_wconf 88' lang='lat' dir='ltr'>feramus.</span> 
     </span>
     <span class='ocr_line' id='line_1_34' title="bbox 323 2151 1088 2200; baseline 0.004 -13"><span class='ocrx_word' id='word_1_205' title='bbox 323 2151 399 2188; x_wconf 80' lang='lat' dir='ltr'>vii.</span> <span class='ocrx_word' id='word_1_206' title='bbox 425 2163 449 2198; x_wconf 88' lang='lat'><strong>3</strong></span> <span class='ocrx_word' id='word_1_207' title='bbox 469 2151 682 2200; x_wconf 90' lang='lat' dir='ltr'>pudorem</span> <span class='ocrx_word' id='word_1_208' title='bbox 702 2151 944 2190; x_wconf 79' lang='lat' dir='ltr'>intuendae</span> <span class='ocrx_word' id='word_1_209' title='bbox 965 2152 1088 2190; x_wconf 82' lang='lat' dir='ltr'>lucis.</span> 
     </span>
     <span class='ocr_line' id='line_1_35' title="bbox 324 2205 1266 2256; baseline 0.005 -15"><span class='ocrx_word' id='word_1_210' title='bbox 324 2205 448 2242; x_wconf 82' lang='lat' dir='ltr'>xviii.</span> <span class='ocrx_word' id='word_1_211' title='bbox 471 2219 495 2253; x_wconf 90' lang='lat'>4</span> <span class='ocrx_word' id='word_1_212' title='bbox 514 2206 758 2243; x_wconf 83' lang='lat' dir='ltr'>vanitatem</span> <span class='ocrx_word' id='word_1_213' title='bbox 777 2206 1082 2244; x_wconf 82' lang='lat' dir='ltr'>ementiendae</span> <span class='ocrx_word' id='word_1_214' title='bbox 1103 2206 1266 2256; x_wconf 66' lang='lat' dir='ltr'>stirpis</span> 
     </span>
     <span class='ocr_line' id='line_1_36' title="bbox 322 2259 1048 2308; baseline 0.003 -13"><span class='ocrx_word' id='word_1_215' title='bbox 322 2259 379 2296; x_wconf 76' lang='lat' dir='ltr'>xi.</span> <span class='ocrx_word' id='word_1_216' title='bbox 405 2271 452 2295; x_wconf 88' lang='lat'>12</span> <span class='ocrx_word' id='word_1_217' title='bbox 470 2260 672 2308; x_wconf 82' lang='lat' dir='ltr'>ambages</span> <span class='ocrx_word' id='word_1_218' title='bbox 691 2259 910 2297; x_wconf 87' lang='lat' dir='ltr'>fallendae</span> <span class='ocrx_word' id='word_1_219' title='bbox 932 2259 1048 2297; x_wconf 89' lang='lat' dir='ltr'>fidei.</span> 
     </span>
     <span class='ocr_line' id='line_1_37' title="bbox 322 2313 1639 2364; baseline 0.002 -15"><span class='ocrx_word' id='word_1_220' title='bbox 322 2313 416 2351; x_wconf 85' lang='lat' dir='ltr'>xiii.</span> <span class='ocrx_word' id='word_1_221' title='bbox 437 2325 461 2349; x_wconf 87' lang='lat'><strong>2</strong></span> <span class='ocrx_word' id='word_1_222' title='bbox 491 2326 545 2350; x_wconf 86' lang='lat' dir='ltr'>ne</span> <span class='ocrx_word' id='word_1_223' title='bbox 571 2325 694 2351; x_wconf 89' lang='lat' dir='ltr'>mora</span> <span class='ocrx_word' id='word_1_224' title='bbox 713 2313 763 2351; x_wconf 93' lang='lat' dir='ltr'>in</span> <span class='ocrx_word' id='word_1_225' title='bbox 789 2325 1002 2351; x_wconf 83' lang='lat' dir='ltr'>concursu</span> <span class='ocrx_word' id='word_1_226' title='bbox 1021 2314 1125 2363; x_wconf 85' lang='lat' dir='ltr'>pilis</span> <span class='ocrx_word' id='word_1_227' title='bbox 1144 2313 1403 2352; x_wconf 85' lang='lat' dir='ltr'>emittendis</span> <span class='ocrx_word' id='word_1_228' title='bbox 1421 2314 1639 2364; x_wconf 83' lang='lat' dir='ltr'>stringen-</span> 
     </span>
     <span class='ocr_line' id='line_1_38' title="bbox 379 2367 980 2416; baseline 0.003 -12"><span class='ocrx_word' id='word_1_229' title='bbox 379 2367 532 2415; x_wconf 80' lang='lat' dir='ltr'>disque</span> <span class='ocrx_word' id='word_1_230' title='bbox 554 2367 658 2405; x_wconf 89' lang='lat' dir='ltr'>inde</span> <span class='ocrx_word' id='word_1_231' title='bbox 677 2367 836 2416; x_wconf 86' lang='lat' dir='ltr'>gladiis</span> <span class='ocrx_word' id='word_1_232' title='bbox 855 2369 980 2406; x_wconf 84' lang='lat' dir='ltr'>esset.</span> 
     </span>
     <span class='ocr_line' id='line_1_39' title="bbox 163 2421 1638 2472; baseline 0.003 -15"><span class='ocrx_word' id='word_1_233' title='bbox 163 2422 433 2466; x_wconf 79' lang='lat' dir='ltr'>Participle:</span> <span class='ocrx_word' id='word_1_234' title='bbox 449 2434 566 2469; x_wconf 62' lang='lat' dir='ltr'>mom.</span> <span class='ocrx_word' id='word_1_235' title='bbox 584 2434 628 2459; x_wconf 78' lang='lat' dir='ltr'>as</span> <span class='ocrx_word' id='word_1_236' title='bbox 641 2422 758 2472; x_wconf 73' lang='lat' dir='ltr'>subJ&#39;.)</span> <span class='ocrx_word' id='word_1_237' title='bbox 775 2422 863 2460; x_wconf 72' lang='lat' dir='ltr'>xiv.</span> <span class='ocrx_word' id='word_1_238' title='bbox 881 2432 928 2470; x_wconf 87' lang='lat'>15</span> <span class='ocrx_word' id='word_1_239' title='bbox 948 2434 1004 2459; x_wconf 91' lang='lat' dir='ltr'>ne</span> <span class='ocrx_word' id='word_1_240' title='bbox 1017 2421 1245 2471; x_wconf 85' lang='lat' dir='ltr'>desperata</span> <span class='ocrx_word' id='word_1_241' title='bbox 1258 2423 1387 2460; x_wconf 82' lang='lat' dir='ltr'>venia</span> <span class='ocrx_word' id='word_1_242' title='bbox 1403 2451 1413 2460; x_wconf 90' lang='lat'><strong>.</strong></span> <span class='ocrx_word' id='word_1_243' title='bbox 1427 2450 1437 2460; x_wconf 93' lang='lat'><strong><em>.</em></strong></span> <span class='ocrx_word' id='word_1_244' title='bbox 1448 2451 1458 2461; x_wconf 88' lang='lat'><strong>.</strong></span> <span class='ocrx_word' id='word_1_245' title='bbox 1478 2424 1638 2471; x_wconf 80' lang='lat' dir='ltr'>ageret.</span> 
     </span>
     <span class='ocr_line' id='line_1_40' title="bbox 274 2474 1636 2525; baseline 0.001 -13"><span class='ocrx_word' id='word_1_246' title='bbox 274 2474 381 2524; x_wconf 74' lang='lat' dir='ltr'>(with</span> <span class='ocrx_word' id='word_1_247' title='bbox 399 2476 647 2524; x_wconf 83' lang='lat' dir='ltr'>tamquam)</span> <span class='ocrx_word' id='word_1_248' title='bbox 669 2476 725 2513; x_wconf 83' lang='lat' dir='ltr'>vi.</span> <span class='ocrx_word' id='word_1_249' title='bbox 747 2488 795 2513; x_wconf 90' lang='lat'>12</span> <span class='ocrx_word' id='word_1_250' title='bbox 823 2478 1054 2525; x_wconf 87' lang='lat' dir='ltr'>tamquam</span> <span class='ocrx_word' id='word_1_251' title='bbox 1072 2476 1317 2514; x_wconf 87' lang='lat' dir='ltr'>ferentibus</span> <span class='ocrx_word' id='word_1_252' title='bbox 1337 2475 1482 2514; x_wconf 82' lang='lat' dir='ltr'>adhue</span> <span class='ocrx_word' id='word_1_253' title='bbox 1503 2477 1636 2514; x_wconf 86' lang='lat' dir='ltr'>cervi-</span> 
     </span>
     <span class='ocr_line' id='line_1_41' title="bbox 380 2529 689 2578; baseline 0.006 -12"><span class='ocrx_word' id='word_1_254' title='bbox 380 2529 504 2567; x_wconf 84' lang='lat' dir='ltr'>cibus</span> <span class='ocrx_word' id='word_1_255' title='bbox 524 2530 689 2578; x_wconf 89' lang='lat' dir='ltr'>iugum.</span> 
     </span>
     <span class='ocr_line' id='line_1_42' title="bbox 274 2583 1637 2634; baseline 0.001 -14"><span class='ocrx_word' id='word_1_256' title='bbox 274 2584 381 2633; x_wconf 75' lang='lat' dir='ltr'>(with</span> <span class='ocrx_word' id='word_1_257' title='bbox 399 2583 643 2634; x_wconf 85' lang='lat' dir='ltr'>tamquam)</span> <span class='ocrx_word' id='word_1_258' title='bbox 665 2584 742 2622; x_wconf 77' lang='lat' dir='ltr'>vii.</span> <span class='ocrx_word' id='word_1_259' title='bbox 767 2596 815 2621; x_wconf 92' lang='lat'>10</span> <span class='ocrx_word' id='word_1_260' title='bbox 842 2596 932 2622; x_wconf 90' lang='lat' dir='ltr'>non</span> <span class='ocrx_word' id='word_1_261' title='bbox 961 2586 1190 2633; x_wconf 87' lang='lat' dir='ltr'>tamquam</span> <span class='ocrx_word' id='word_1_262' title='bbox 1214 2585 1264 2622; x_wconf 88' lang='lat' dir='ltr'>in</span> <span class='ocrx_word' id='word_1_263' title='bbox 1282 2584 1475 2633; x_wconf 84' lang='lat' dir='ltr'>patriam</span> <span class='ocrx_word' id='word_1_264' title='bbox 1494 2596 1637 2622; x_wconf 86' lang='lat' dir='ltr'>rever-</span> 
     </span>
     <span class='ocr_line' id='line_1_43' title="bbox 379 2638 1139 2687; baseline 0.003 -12"><span class='ocrx_word' id='word_1_265' title='bbox 379 2639 522 2675; x_wconf 86' lang='lat' dir='ltr'>tentes</span> <span class='ocrx_word' id='word_1_266' title='bbox 551 2650 604 2675; x_wconf 82' lang='lat' dir='ltr'>ex</span> <span class='ocrx_word' id='word_1_267' title='bbox 632 2638 856 2687; x_wconf 85' lang='lat' dir='ltr'>insperato</span> <span class='ocrx_word' id='word_1_268' title='bbox 885 2638 1139 2677; x_wconf 78' lang='lat' dir='ltr'>incolumes,</span> 
     </span>
    </p>
   </div>
  </div>
 </body>
</html>
