1779 2897
574 139 700 181 LIB.
745 139 826 181 IX.
899 138 1037 182 CAP.
1080 139 1120 178 II
1533 144 1591 181 II

105 272 222 304 suas
246 258 451 303 vertant
488 256 543 302 in
579 272 678 314 eos,
711 254 898 316 quibus
935 270 1040 300 non
1079 270 1198 300 suae
1235 253 1461 300 redditae
1499 270 1592 310 res,
1620 275 1642 311 9

105 353 212 385 non
244 337 439 384 alienae
473 335 826 383 adcumulatae
862 335 987 382 satis
1022 334 1160 395 sint3
1198 351 1417 396 quorum
1444 335 1598 381 saevi-

103 418 231 466 tiam
250 435 357 466 non
376 435 519 465 mors
538 416 825 476 noxiorum,
847 433 952 463 non
973 416 1165 463 deditio
1184 415 1599 463 exanimatormn

102 515 385 561 corporum,
428 516 532 546 non
570 498 706 545 bona
743 497 1009 560 sequentia
1048 497 1246 545 domini
1283 497 1598 546 deditionem

101 581 371 642 exsatient,
416 580 608 643 placari
650 584 910 643 nequeant
953 580 1057 628 nisi
1099 580 1448 627 hauriendum
1490 595 1599 627 san-

101 661 314 724 guinem
356 662 699 725 laniandaque
735 662 934 709 viscera
974 664 1151 709 nostra
1194 661 1597 723 praebuerimus.

91 743 299 792 §ustum
334 748 412 792 est
449 744 659 803 bellum,
701 743 975 803 Samnites,
1009 743 1195 806 quibus
1233 742 1591 801 necessarium,

100 827 152 872 et
185 824 270 886 pia
302 841 458 884 arma,
490 825 677 887 quibus
710 825 857 872 nulla
881 823 984 872 nisi
1009 824 1065 871 in
1099 824 1259 872 armis
1286 823 1599 885 relinquitur

102 922 231 967 spes.
307 906 524 968 proinde
565 923 681 954 eum
719 923 894 955 rerum
926 907 1275 953 hiunanarum
1308 905 1597 953 maximimi

100 991 427 1035 momentum
452 988 534 1047 sit,
566 1004 721 1050 quam
755 988 995 1050 propitiis
1029 1004 1151 1047 rem,
1184 1004 1338 1049 quam
1368 986 1600 1034 adversis

101 1071 256 1131 agant
296 1068 409 1128 diis,
447 1085 539 1130 pro
576 1073 714 1117 certo
752 1069 939 1117 habete
973 1068 1142 1130 priora
1180 1069 1317 1116 bella
1352 1069 1598 1116 adversus

101 1150 222 1197 deos
244 1149 411 1212 magis
436 1166 593 1212 quam
611 1150 851 1197 homines
869 1150 1100 1212 gessisse,
1126 1150 1235 1205 hoc,
1261 1150 1395 1211 quod
1418 1149 1592 1197 instat.

102 1231 315 1280 ducibus
339 1230 466 1293 ipsis
492 1232 591 1279 diis
617 1232 884 1293 gesturos?

821 1425 879 1473 II

105 1555 193 1598 The
227 1557 425 1599 Samnite
461 1570 591 1610 army
636 1558 671 1598 is·
711 1557 889 1610 secretlgs
923 1558 1160 1611 encamped
1199 1571 1309 1599 neat·
1348 1558 1567 1600 Caudium
1587 1575 1599 1605 ‚-

217 1615 284 1657 the
314 1616 513 1659 Romans
544 1629 620 1657 are
655 1620 701 1657 at
737 1616 926 1665 Calatia,
962 1617 1054 1657 aud
1090 1617 1216 1657 lew-n
1241 1617 1367 1670 from
1399 1619 1598 1659 Samnite

215 1674 401 1716 soldier-s·
421 1675 646 1729 disyut'sed
675 1688 725 1715 as
752 1675 990 1727 shepherds
1017 1676 1110 1715 aud
1129 1676 1258 1728 from
1285 1676 1409 1717 other
1424 1689 1599 1718 sources

217 1732 312 1774 that
338 1733 408 1774 the
436 1747 587 1786 enemy
615 1733 654 1774 ⁴is
686 1732 903 1786 besieyiny
923 1733 1126 1782 Luceria,
1150 1733 1220 1774 the
1241 1734 1320 1787 leeg]
1341 1735 1596 1788 oprulia.

218 1791 274 1833 So
309 1791 410 1845 they
443 1792 682 1833 determine
718 1796 759 1832 to
796 1792 946 1832 hasten
986 1796 1027 1832 to
1064 1792 1122 1832 ‘its
1163 1793 1401 1834 assistance
1440 1793 1494 1846 by
1530 1793 1598 1834 the

215 1850 399 1892 shoroest
419 1855 556 1900 route,
584 1851 611 1891 i.
625 1863 659 1891 e.
683 1850 869 1904 throuyh
891 1849 960 1891 the
986 1849 1186 1892 Caude'ue
1208 1850 1253 1891 F
1249 1851 1361 1892 orlts.

168 1970 310 2020 Haec
356 1988 462 2019 non
510 1971 645 2019 laeta
691 1971 856 2033 magis
906 1988 1060 2033 quam
1103 1989 1224 2020 vera
1266 1973 1590 2033 vaticinatus,

101 2053 328 2102 exercitu
360 2054 545 2102 educto
582 2054 716 2101 circa
747 2053 1002 2102 Caudium
1039 2058 1205 2102 castra
1238 2072 1393 2118 quam
1428 2060 1595 2117 potest

1627 765 1674 789 10

1629 923 1669 949 ll

102 2134 446 2183 occultissime
505 2135 652 2183 locat.
745 2134 865 2182 inde
920 2135 983 2182 ad
1032 2136 1298 2196 Calatiam,
1354 2136 1443 2184 ubi
1491 2137 1596 2185 iam
1625 2156 1639 2180 2

102 2216 338 2264 consules
370 2216 633 2264 Romanos
669 2222 933 2278 castraque
966 2232 1076 2264 esse
1110 2217 1362 2277 audiebat,
1400 2218 1596 2266 milites

103 2297 276 2346 decem
309 2302 578 2360 pastorum
614 2297 800 2346 habitu
833 2298 1014 2355 mittit,
1047 2315 1328 2361 pecoraque
1367 2299 1596 2348 diversos

101 2378 262 2428 alium
315 2379 444 2428 alibi
489 2380 629 2428 haud
677 2379 856 2441 procul
904 2380 1154 2428 Romanis
1201 2397 1405 2442 pascere
1455 2381 1593 2428 iubet

102 2461 403 2522 praesidiis;
447 2462 534 2509 ubi
572 2461 850 2509 inciderint
888 2461 944 2508 in
981 2463 1322 2523 praedatores,
1368 2466 1421 2509 ut
1458 2462 1596 2510 idem
1625 2478 1645 2512 3

103 2541 343 2592 omnibus
398 2560 568 2592 sermo
626 2546 838 2602 constet,
893 2543 1120 2605 legiones
1175 2544 1492 2592 Samnitium
1542 2544 1596 2590 in

103 2623 294 2685 Apulia
311 2641 435 2683 esse,
457 2625 727 2672 Luc-eriam
753 2625 995 2672 omnibus
1021 2625 1181 2686 copiis
1206 2625 1590 2682 circumsedere,
