1779 2897
536 174 660 214 LIB.
700 174 782 214 IX.
855 173 995 215 CAP.
1034 173 1102 214 XI
1505 177 1575 232 37

83 289 170 337 sed
196 289 319 352 quid
352 306 443 351 ego
476 293 528 337 te
560 289 775 350 appello,
808 288 895 350 qui
928 291 978 335 te
1012 290 1220 348 captum
1243 285 1431 334 victori
1456 301 1575 333 cum
1604 304 1623 341 3

82 388 181 434 qua
238 374 382 433 potes
439 372 539 419 fide
601 370 876 418 restituis?
969 371 1220 431 populum
1278 370 1575 417 Romanum

82 453 299 515 appello,
341 470 495 515 quem
535 452 578 499 si
622 451 915 512 sponsionis
958 451 1021 498 ad
1056 451 1284 498 furculas
1321 450 1578 499 Caudinas

81 534 244 581 factae
296 533 539 594 paenitet,
595 532 834 580 restituat
888 533 1118 595 legiones
1174 532 1314 579 intra
1368 531 1572 589 saltum,

84 632 184 678 quo
221 615 684 676 saeptaefuerunt.
760 631 914 661 nemo
951 630 1263 676 quemquam
1301 612 1572 674 deceperit,
1602 634 1626 670 4

85 696 258 744 omnia
294 713 387 757 pro
423 695 614 743 infecto
656 695 776 755 sint,
818 694 1067 755 recipiant
1109 711 1269 754 arma,
1317 710 1446 756 quae
1488 710 1581 754 per

84 778 375 840 pactionem
398 777 740 837 tradiderunt,
771 777 982 824 redeant
1014 776 1072 824 in
1105 780 1270 824 castra
1304 792 1409 835 sua,
1440 774 1582 837 quid-

86 859 210 923 quid
258 859 425 920 pridie
470 859 766 906 habuerunt
815 875 971 920 quam
1017 858 1072 905 in
1119 857 1455 919 conloquium
1501 859 1579 904 est

85 944 303 989 ventum
348 941 611 989 habeant:
666 944 779 988 tum
826 939 1021 987 bellum
1067 942 1119 987 et
1165 939 1323 986 fortia
1367 937 1582 985 consilia

87 1023 335 1084 placeant,
398 1025 513 1070 tum
573 1022 782 1083 sponsio
840 1024 893 1069 et
951 1037 1052 1082 pax
1111 1020 1422 1082 repudietur.
1521 1035 1581 1067 ea
1607 1039 1626 1075 5

86 1105 310 1165 fortuna,
368 1105 433 1151 iis
491 1104 630 1164 locis,
695 1120 824 1166 quae
881 1106 1002 1151 ante
1062 1102 1204 1164 pacis
1258 1101 1581 1149 mentionem

87 1186 377 1246 habuimus,
413 1202 654 1247 geramus
688 1186 899 1242 bellum,
937 1201 1031 1232 nec
1068 1183 1292 1245 populus
1315 1184 1583 1230 Romanus

88 1267 359 1316 consulum
384 1267 716 1329 sponsionem
740 1283 834 1314 nec
857 1282 953 1314 nos
976 1266 1135 1313 fidem
1159 1264 1339 1327 populi
1357 1263 1583 1312 Romani

87 1365 399 1397 accusemus.
488 1364 842 1410 numquamne
896 1363 1046 1395 causa
1099 1346 1267 1405 defiet,
1319 1361 1411 1392 cur
1455 1344 1582 1392 victi
1605 1357 1628 1393 6

89 1433 235 1491 pacto
294 1446 400 1478 non
460 1429 650 1477 stetis?
734 1429 938 1476 obsides
991 1428 1280 1475 Porsinnae
1341 1426 1583 1474 dedistis:

89 1512 231 1559 furto
283 1528 372 1559 eos
424 1510 778 1570 subduxistis3
836 1525 963 1558 auro
1016 1509 1282 1556 civitatem
1336 1525 1366 1556 a
1420 1507 1585 1555 Gallis

92 1592 413 1641 redemistis:
455 1592 596 1640 inter
635 1591 993 1652 accipiendum
1034 1606 1220 1638 aurum
1261 1589 1394 1638 caesi
1431 1592 1584 1646 sunt;
1612 1608 1631 1647 7

92 1691 269 1736 pacem
293 1675 559 1721 nobiscum
587 1672 868 1735 pepigistis,
898 1675 954 1720 ut
979 1672 1213 1733 legiones
1234 1671 1385 1719 vobis
1414 1674 1586 1732 captas

93 1756 514 1804 restitueremus:
574 1771 688 1802 eam
746 1771 923 1815 pacem
982 1753 1196 1801 inritam
1255 1753 1437 1800 facitis.
1535 1755 1585 1799 et

94 1854 300 1900 semper
333 1837 559 1899 aliquam
596 1835 765 1884 fraudi
801 1835 1022 1897 speciem
1058 1834 1186 1881 iuris
1222 1834 1488 1894 inponitis.

96 2062 150 2116 If
175 2063 307 2104 Rome
338 2062 519 2102 dislilces
551 2061 619 2101 the
646 2074 777 2114 peace
814 2061 1058 2107 <continues
1090 2059 1292 2105 Pontius)
1327 2056 1401 2098 she
1431 2056 1590 2097 should

211 2123 305 2174 91¹oe
343 2134 403 2174 up
441 2120 508 2161 the
543 2120 708 2171 lession-s·
743 2124 784 2160 to
824 2132 887 2160 118.
951 2118 999 2158 Is
1037 2118 1069 2158 it
1106 2117 1185 2157 her
1216 2117 1313 2156 idea
1352 2115 1406 2167 of
1427 2115 1590 2167 justice

215 2185 257 2221 to
296 2179 425 2220 make
464 2179 685 2219 one-sidesl
726 2178 949 2228 banqains.
990 2176 1082 2217 ancl
1122 2175 1202 2215 her
1236 2175 1415 2224 leading}
1456 2173 1592 2213 men's

216 2251 337 2279 sense
359 2239 415 2291 Qf
433 2237 550 2290 riqht
571 2242 612 2278 to
642 2241 778 2277 resort
805 2241 845 2275 to
869 2235 1060 2288 quibbles
1076 2235 1096 2274 .?
1157 2233 1225 2274 He
1248 2233 1346 2273 then
1371 2232 1593 2272 dismisses

218 2296 285 2337 the
301 2297 532 2349 prisoner-s
556 2294 814 2335 nalem-med.

170 2411 287 2458 Non
324 2410 506 2471 probat
543 2409 765 2471 populus
787 2409 1056 2455 Romanus
1090 2404 1435 2467 ignominiosa
1471 2419 1592 2465 pace
1616 2414 1637 2449 S

103 2491 332 2554 legiones
384 2491 653 2539 servatas?
721 2504 899 2551 pacem
953 2487 1054 2534 sibi
1106 2487 1306 2536 habeat.
1365 2486 1595 2546 legiones

104 2575 278 2633 captas
311 2571 498 2620 victori
542 2571 809 2618 restituat:
853 2569 948 2616 hoc
990 2568 1105 2627 fide,
1146 2568 1241 2615 hoc
1283 2566 1591 2626 foederibus,

105 2655 199 2701 hoc
224 2654 485 2722 fetialibus
512 2651 840 2699 caerimoniis
865 2650 1081 2711 dignum
1105 2652 1232 2696 erat.
1305 2652 1359 2696 ut
1387 2647 1595 2709 quidem
1617 2663 1641 2702 9
