1779 2897
570 158 695 199 LIB.
734 157 817 199 IX.
887 157 1026 200 CAP.
1066 157 1158 198 XII
1543 165 1615 219 39

123 272 368 320 victoriae
417 273 792 335 possessionem
845 289 964 334 pace
1018 272 1213 321 incerta
1265 275 1505 334 mutasse,
1563 276 1615 321 et

122 353 358 401 beneficii
394 357 444 402 et
479 354 720 402 maleficii
759 354 1021 402 occasione
1066 355 1252 402 amissa
1295 358 1615 417 pugnaturos

124 451 241 482 cum
272 435 359 496 eis,
390 452 518 497 quos
548 436 814 497 potuerint
847 436 903 482 in
934 438 1243 497 perpetuum
1267 437 1352 484 vel
1376 437 1616 484 inimicos

121 517 303 564 tollere
339 517 423 564 vel
458 517 650 564 amicos
684 517 866 564 facere.
939 518 1162 579 adeoque
1206 518 1479 565 nullodum
1516 535 1614 565 cer·
1643 533 1663 570 3

121 598 317 645 tamine
369 598 633 646 inclinatis
679 598 879 646 viribus
931 602 1049 661 post
1099 599 1385 647 Caudinam
1437 616 1615 661 pacem

121 679 286 726 animi
338 682 682 739 mutaverant,
739 682 794 727 ut
849 680 1115 727 clariorem
1168 680 1305 728 inter
1353 682 1616 729 Romanos

122 760 315 808 deditio
331 761 662 809 Postumium
677 778 833 823 quam
848 762 1098 809 Pontium
1115 763 1386 810 incruenta
1401 764 1536 810 victo
1544 763 1617 811 ria

120 843 261 890 inter
278 843 539 891 Sanmites
564 843 768 899 faceret,
799 846 847 890 et
875 844 983 905 geri
1007 860 1152 904 posse
1178 843 1375 891 bellum
1395 844 1617 891 Romani
1639 864 1664 899 4

121 942 213 987 pro
244 924 460 973 victoria
494 928 632 972 certa
663 925 930 983 haberent,
969 925 1229 973 Sanmites
1266 926 1423 973 simul
1461 927 1617 974 rebel-

121 1004 254 1054 lasse
279 1008 330 1054 et
352 1006 538 1054 vicisse
564 1006 827 1054 crederent
855 1007 1160 1055 Romanum.

140 1236 287 1278 Revolt
316 1238 372 1290 of
391 1236 615 1279 Satricum
647 1242 686 1279 to
718 1237 952 1278 Samnites.
1021 1235 1215 1289 Capito-e
1247 1237 1302 1288 os
1324 1236 1392 1277 the
1422 1236 1594 1278 Roman

271 1295 421 1348 colony
453 1296 691 1350 Ρνερεῖῖαε,
725 1296 817 1337 and
847 1294 1074 1348 slauykter
1102 1295 1157 1347 of
1179 1294 1468 1336 inhabitants.

187 1416 337 1464 Inter
366 1416 493 1465 haec
527 1416 787 1465 Satricani
819 1417 882 1464 ad
917 1415 1180 1465 Samnites
1214 1415 1527 1481 defecerunt,
1565 1420 1616 1465 et
1641 1431 1661 1468 5

120 1496 384 1559 Fregellae
408 1496 606 1546 colom'a
639 1497 946 1560 necopinato
978 1497 1207 1544 adventu
1232 1496 1617 1544 Samnitium—

69 1585 113 1614 β’
119 1577 275 1627 fuisse
318 1581 368 1626 et
407 1578 701 1627 Satricanos
743 1595 862 1626 cum
887 1563 972 1626 siis
1012 1578 1138 1626 satis
1180 1581 1615 1627 constat—nocte

61 1633 86 1667 k

120 1662 363 1722 occupata
397 1662 490 1708 est.
565 1660 726 1708 timor
761 1659 880 1707 inde
917 1661 1132 1718 mutuus
1169 1659 1417 1722 utrosque
1455 1677 1616 1723 usque

118 1742 184 1789 ad
211 1741 381 1790 lucem
416 1741 619 1804 quietos
653 1742 856 1801 tenuit3
892 1740 983 1788 lux
1014 1757 1217 1803 pugnae
1250 1741 1464 1789 initium
1497 1743 1611 1803 fuit,
1639 1756 1662 1794 6

120 1839 275 1885 quam
305 1823 627 1885 aliquamdiu
660 1839 890 1886 aequam,
920 1826 971 1871 et
999 1822 1119 1885 quia
1145 1840 1240 1885 pro
1270 1823 1377 1881 aris
1409 1840 1465 1871 ac
1490 1824 1617 1872 foc-is

120 1905 475 1965 dimicabatur,
522 1907 571 1953 et
621 1905 740 1967 quia
786 1921 849 1952 ex
890 1904 1043 1952 tectis
1089 1904 1365 1952 adiuvabat-
1408 1905 1616 1954 inbellis

118 1986 416 2046 multitudo,
462 1989 639 2034 tamen
676 1986 971 2048 Fregellani
1011 1986 1386 2035 sustinuerunt.
1476 1988 1662 2043 fraus)-

120 2067 304 2116 deinde
332 2084 442 2115 rem
466 2068 753 2127 inclinavit,
784 2068 919 2130 quod
942 2084 1124 2115 vocem
1157 2068 1325 2116 audiri
1350 2070 1616 2130 praeconis

119 2149 256 2211 passi
280 2152 403 2196 sunt
427 2149 745 2197 incolumem
770 2149 1049 2209 abiturum,
1072 2149 1161 2211 qui
1179 2167 1322 2198 arma
1341 2151 1609 2212 posuisset.

120 2247 179 2279 ea
203 2247 319 2292 spes
343 2231 544 2278 remisit
569 2248 599 2279 a
623 2231 904 2279 certamine
929 2231 1145 2291 animos,
1175 2234 1225 2279 et
1252 2232 1447 2292 passim
1472 2248 1616 2279 arma

118 2312 300 2360 iactari
323 2315 513 2374 coepta.
572 2313 884 2374 pertinacior
907 2328 1026 2374 pars
1049 2315 1248 2360 armata
1271 2329 1364 2374 per
1380 2329 1615 2362 aveisam
1638 2331 1660 2367 8

120 2396 324 2456 portam
383 2393 555 2455 erupit
605 2393 872 2456 tutiorque
924 2393 1000 2441 eis
1052 2394 1262 2441 audacia
1310 2395 1411 2442 fuit
1460 2411 1614 2456 quam

120 2475 357 2524 incautus
388 2475 452 2522 ad
477 2475 791 2523 credendum
828 2476 1013 2523 ceteris
1045 2492 1220 2536 pavor,
1252 2492 1378 2537 quos
1402 2476 1613 2523 circum·

120 2557 270 2604 datos
307 2556 433 2618 igni,
473 2557 787 2619 nequiquam
829 2557 951 2604 deos
992 2557 1250 2618 fidemque
1293 2557 1608 2618 invocantes,

120 2638 381 2686 Samnites
416 2642 888 2686 concremaverunt.
