1779 2897
530 130 655 174 LIB.
694 130 778 174 IX.
854 129 991 172 CAP.
1035 129 1144 170 XVI
1516 135 1587 188 49

515 377 548 403 ·'·
624 376 649 401 ν’
784 379 803 411 ‘x
1122 390 1143 415 tv
1173 415 1188 417 ⁷
1216 391 1220 394 ·
1264 389 1280 408 <7

574 439 644 488 Ξ
719 468 749 483 ,,
986 433 1242 528 «ἥκῃ,
1288 440 1294 451 “«
1337 427 1410 492 ῠξῑ

601 482 827 569 *jz—i}
879 494 905 512 ··
985 443 1331 554 ‘fif-ffl-
1423 486 1432 498 ²

1310 548 1370 556 —

1218 648 1221 651 .
1284 526 1386 665 ἦ)
1416 543 1526 652 Ἢ

625 1011 660 1045 Α
687 1011 831 1045 Romu:
857 1010 1054 1046 Tmcm’fl.

263 1125 502 1167 Chccracter
531 1125 624 1166 and
655 1125 880 1166 (mecclotes
915 1125 969 1178 of
990 1124 1210 1179 Papirius
1247 1124 1421 1166 Cursor.

160 1220 292 1267 Inde
315 1220 378 1267 ad
410 1219 736 1280 triumphum
771 1218 1047 1265 decessisse
1073 1219 1291 1265 Romam
1318 1217 1588 1279 Papirium
1615 1240 1660 1267 11

92 1303 364 1351 Cursorem
395 1301 641 1359 scribunt,
674 1301 761 1362 qui
792 1317 849 1347 eo
881 1301 1006 1348 duce
1031 1300 1300 1347 Luceriam
1330 1302 1586 1361 receptam

92 1383 453 1444 Samnitesque
491 1381 586 1429 sub
618 1383 797 1444 iugum
833 1382 1021 1429 missos
1059 1384 1290 1429 auctores
1324 1384 1459 1429 sunt.
1535 1383 1587 1428 et
1614 1400 1660 1428 12

91 1463 191 1512 fuit
213 1464 294 1512 vit·
319 1463 458 1511 haud
494 1463 647 1510 dubie
681 1463 868 1525 dignus
903 1464 1044 1511 omni
1078 1463 1261 1510 bellica
1286 1462 1449 1522 laude,
1479 1479 1587 1511 non

91 1545 255 1592 animi
301 1544 471 1592 solum
515 1545 701 1607 vigore,
757 1545 842 1592 sed
901 1545 1058 1593 etiam
1118 1544 1342 1606 corporis
1389 1544 1588 1592 viribus

90 1627 356 1675 excellens.
420 1627 692 1688 praecipua
716 1628 908 1689 pedum
934 1627 1213 1689 pernicitas
1245 1627 1426 1686 inerat,
1460 1643 1588 1688 quae
1616 1645 1664 1681 13

92 1725 377 1771 cognomen
403 1708 558 1756 etiam
585 1709 725 1755 dedit
746 1727 756 1768 ;
793 1709 1143 1771 victoremque
1175 1725 1325 1756 cursu
1351 1708 1588 1755 omnium

91 1790 276 1838 aetatis
323 1806 442 1838 suae
481 1790 643 1837 fuisse
689 1790 877 1851 ferunt,
926 1793 975 1838 et
1027 1807 1114 1838 seu
1156 1791 1351 1838 virium
1394 1790 1449 1837 vi
1501 1806 1587 1837 seu

92 1872 457 1919 exercitatione
488 1871 655 1919 multa
686 1872 787 1919 cibi
815 1872 1028 1934 vinique
1066 1872 1288 1919 eundem
1325 1871 1588 1933 capacissi-

90 1970 268 2013 mum;
310 1969 404 2001 nec
441 1969 559 2000 cum
594 1953 702 2000 ullo
737 1954 1060 2015 asperiorem,
1099 1953 1220 2014 quia
1256 1952 1366 2015 ipse
1402 1952 1588 2000 invicti
1618 1973 1665 2011 14

91 2035 156 2082 ad
197 2034 427 2083 laborem
471 2033 698 2094 corporis
745 2036 896 2093 esset,
933 2034 1092 2081 fuisse
1134 2032 1382 2080 militiam
1423 2034 1588 2095 pediti

92 2116 286 2178 pariter
323 2115 603 2178 equitique.
696 2115 894 2177 equites
929 2116 1086 2162 etiam
1123 2115 1402 2177 aliquando
1440 2131 1590 2162 ausos
1618 2130 1662 2169 15

91 2199 154 2246 ab
197 2215 256 2246 eo
296 2200 479 2260 petere,
528 2200 587 2245 ut
630 2198 732 2245 sibi
781 2214 873 2259 pro
924 2214 977 2244 re
1026 2197 1157 2244 bene
1211 2199 1352 2259 gesta
1393 2197 1589 2245 laxaret

92 2280 289 2343 aliquid
328 2279 552 2338 laboris3
607 2279 796 2341 quibus
836 2279 957 2326 ille:
1001 2280 1092 2325 ‘ne
1131 2278 1269 2325 nihil
1311 2279 1588 2326 remissum
1618 2286 1664 2323 16

93 2362 289 2422 dicatis,
320 2361 559 2409 remitto'
585 2361 770 2423 inquit,
808 2361 900 2407 ‘ne
936 2361 1116 2422 utique
1154 2360 1362 2406 dorsum
1400 2360 1590 2407 demul-

93 2444 262 2504 ceatis,
293 2459 411 2492 cum
435 2460 498 2491 ex
520 2443 670 2505 equis
695 2442 1052 2491 descendetis.’
1125 2444 1175 2489 et
1197 2441 1279 2489 vis
1311 2444 1419 2488 erat
1453 2442 1509 2488 in
1535 2459 1591 2489 eo

92 2525 204 2574 viro
256 2525 466 2587 imperii
520 2525 706 2588 ingens
759 2525 953 2586 pariter
1005 2524 1062 2571 in
1116 2523 1281 2571 socios
1335 2524 1584 2585 civesque.

0 2632 1 2635 ¹
94 2606 463 2655 Praenestinus
535 2609 737 2667 praetor
796 2623 885 2667 per
945 2606 1186 2652 timorem
1262 2604 1471 2666 segnius
1528 2621 1589 2653 ex
1617 2622 1665 2660 17

161 2702 247 2731 lev
265 2703 308 2731 lx
826 2704 855 2734 E
