1779 2897
209 137 278 189 34
791 132 923 172 TITI
977 132 1109 173 LIVI

137 261 183 300 15
210 261 386 306 capere
411 248 634 306 possent,
665 246 979 308 nequiquam
1003 247 1350 307 eluderentur,
1382 250 1432 294 et
1457 250 1693 295 nostrum

208 325 488 373 exercitum
535 327 725 387 eadem,
774 342 902 389 quae
950 327 1251 388 inpedierat,
1298 328 1505 376 fortuna
1550 345 1692 390 expe-

209 406 357 467 diret,
419 423 608 454 vanam
664 407 938 455 victoriam
994 408 1178 454 vanior
1235 407 1450 455 inritam
1507 409 1692 456 faceret

207 503 321 548 pax,
350 488 557 549 sponsio
591 489 1015 549 interponeretur,
1046 504 1172 549 quae
1206 489 1470 535 neminem
1493 490 1694 550 praeter

137 571 185 609 16
209 583 506 628 sponsorem
542 569 803 630 obligaret.
881 568 1003 630 quid
1037 568 1179 614 enim
1210 567 1489 628 vobiscum,
1522 570 1693 630 patres

209 647 497 708 conscripti,
540 648 663 709 quid
706 665 823 695 omn
857 649 1046 711 populo
1081 649 1317 696 Romano
1359 651 1529 695 actum
1574 650 1693 696 est‘?

209 729 325 789 quis
359 744 451 775 vos
494 728 749 790 appellare
793 731 976 790 potest,
1016 729 1130 790 quis
1178 745 1229 776 se
1273 744 1302 775 a
1335 728 1482 775 vobis
1529 727 1692 775 dicere

210 808 521 869 deceptum?
586 809 753 856 hostis
793 826 860 856 an
899 809 1065 857 civis?
1134 809 1272 856 hosti
1309 808 1444 855 nihil
1485 824 1693 870 spopon-

210 888 370 948 distis,
401 889 566 936 civem
590 889 853 936 neminem
883 891 1135 951 spondere
1165 907 1258 952 pro
1282 889 1430 937 vobis
1452 889 1687 937 iussistis.

137 988 184 1026 17
209 969 342 1016 nihil
389 986 508 1031 ergo
547 970 695 1018 vobis
741 987 835 1017 nec
882 970 1150 1017 nobiscum
1199 973 1289 1029 est,
1336 970 1522 1032 quibus
1562 969 1695 1017 nihil

208 1051 510 1111 mandastis,
544 1068 637 1098 nec
669 1068 787 1099 cum
820 1051 1156 1112 Samnitibus,
1194 1069 1311 1099 cum
1344 1051 1532 1113 quibus
1562 1051 1694 1098 nihil

139 1144 184 1180 18
208 1131 400 1193 egistis.
479 1132 803 1180 Samnitibus
828 1149 1102 1193 sponsores
1134 1149 1228 1180 nos
1263 1149 1441 1179 sumus
1474 1132 1548 1198 rei
1572 1132 1696 1179 satis

209 1213 489 1273 locupletes
535 1213 592 1261 in
638 1213 705 1274 id,
750 1215 883 1276 quod
931 1217 1169 1261 nostrum
1216 1216 1308 1273 est,
1348 1213 1405 1260 in
1452 1213 1518 1274 id,
1560 1214 1694 1275 quod

208 1296 467 1354 praestare
501 1311 788 1356 possumUS,
830 1312 1041 1356 corpora
1076 1297 1253 1342 nostra
1287 1297 1340 1342 et
1376 1294 1602 1342 animos:
1639 1294 1694 1341 in

208 1375 335 1422 haec
361 1375 606 1436 saeviant,
637 1376 693 1423 in
725 1377 850 1424 haec
872 1377 1083 1435 ferrum,
1113 1376 1171 1422 in
1205 1376 1328 1423 haec
1358 1375 1462 1423 iras
1494 1378 1688 1424 acuant.

138 1476 186 1516 19
209 1456 343 1517 quod
368 1456 432 1503 ad
457 1457 698 1504 tribunos
721 1457 934 1516 adtinet,
964 1457 1228 1516 consulite,
1253 1459 1430 1504 utrum
1455 1473 1696 1517 praesens

209 1536 402 1583 deditio
438 1553 616 1584 eorum
652 1538 767 1584 fieri
802 1538 977 1599 possit,
1019 1555 1085 1585 an
1126 1538 1183 1584 in
1222 1537 1360 1585 diem
1396 1537 1694 1586 differatur:

209 1633 304 1665 nos
341 1618 570 1677 interim,
616 1619 669 1666 T.
709 1618 894 1666 Veturi
932 1635 1126 1680 vosque
1181 1618 1350 1678 ceteri,
1396 1618 1521 1665 vilia
1572 1619 1696 1666 haec

209 1698 376 1759 capita
411 1699 629 1747 luendae
667 1700 964 1761 sponsionis
999 1701 1240 1760 feramus,
1281 1703 1332 1748 et
1368 1702 1547 1748 nostro
1585 1717 1695 1761 sup-

208 1777 363 1840 plicio
399 1778 678 1828 liberemus
715 1781 948 1829 Romana
983 1782 1160 1829 arma.'

933 1966 983 2012 X

210 2072 313 2124 Life
334 2079 512 2114 returns
532 2078 572 2114 to
595 2073 741 2114 Rome.
803 2073 1070 2115 Postmm'us'
1093 2075 1277 2115 conduct
1298 2075 1337 2114 ‘is
1356 2075 1556 2127 praised.
1617 2075 1696 2114 All

328 2145 456 2184 ectyer
478 2132 561 2184 for
590 2145 695 2172 war.
756 2133 940 2173 Formal
973 2133 1214 2173 sam-emim·
1241 2133 1295 2184 of
1315 2132 1569 2174 Postumius
1603 2134 1695 2173 and

327 2190 395 2230 the
431 2190 573 2230 others
605 2195 644 2230 to
677 2190 907 2232 Satmzites.
968 2191 1221 2232 Postumius
1249 2191 1365 2243 ye'ves
1401 2192 1470 2232 the
1501 2191 1696 2232 Romans

328 2261 356 2287 a
381 2246 534 2289 ‘casus
565 2248 690 2288 belli?

168 2367 186 2393 1
279 2347 442 2394 Movit
476 2350 648 2408 patres
679 2349 994 2410 conscriptos
1027 2367 1143 2396 cum
1176 2366 1323 2397 causa
1354 2352 1468 2397 tum
1501 2353 1689 2411 auctor,

213 2445 304 2475 nec
353 2430 550 2476 ceteros
590 2429 758 2475 solum
800 2430 888 2477 sed
926 2430 1167 2477 tribunos
1208 2430 1366 2478 etiam
1413 2430 1594 2491 plebei,
1636 2433 1692 2477 ut

167 2526 185 2552 2
212 2525 263 2556 se
297 2510 353 2556 in
394 2513 602 2557 senatus
639 2510 870 2557 dicerent
905 2511 1014 2558 fore
1049 2513 1318 2572 potestate.
1387 2511 1692 2573 magistratu

212 2589 330 2637 inde
361 2607 412 2638 se
442 2591 699 2652 extemplo
723 2591 1103 2651 abdicaverunt,
1132 2592 1409 2653 traditique
1434 2592 1694 2640 fetialibus
