1779 2897
144 110 215 178 46
726 123 884 169 T1T1‚
915 123 1048 163 LIVI

146 236 476 283 ulciscentem
510 238 740 296 inlatam,
782 255 888 285 non
923 254 1110 285 novam
1138 238 1455 285 inferentem
1488 239 1624 299 igno-

100 317 370 373 7miniam.
448 317 582 364 nihil
615 320 914 366 recusatum.
992 321 1189 380 septem
1221 319 1366 365 milia
1397 319 1624 365 militum

143 398 237 445 sub
274 398 454 460 iugum
486 398 655 457 missa,
686 400 968 460 praedaque
998 399 1183 460 ingens
1207 399 1448 446 Luceriae
1482 402 1626 460 capta

144 478 359 539 receptis
385 478 626 525 omnibus
650 478 813 540 signis
835 480 1103 541 armisque,
1135 496 1261 541 quae
1287 480 1349 526 ad
1375 479 1625 527 Caudium

144 559 328 606 amissa
374 562 531 618 erant,
579 563 643 619 et,
697 561 832 621 quod
881 560 1053 607 omnia
1104 561 1374 622 superabat
1423 560 1619 622 gaudia,

142 639 403 701 equitibus
462 641 779 700 recuperatis,
834 657 960 702 quos
1010 641 1222 702 pignora
1275 641 1412 702 pacis
1467 643 1625 688 custo-

144 720 663 784 diendoleuceriam
701 722 960 769 Samnites
995 723 1251 771 dederant.

191 939 337 993 Livy's
367 941 603 992 refleoez'ons
634 953 689 981 ou
721 941 833 981 these
864 944 1016 990 events,
1047 940 1139 980 and
1168 945 1417 981 statements
1447 941 1578 983 about

394 1000 637 1040 diver-sities
667 1000 721 1052 of
743 1012 893 1039 names
923 999 971 1038 in
1003 998 1073 1038 his
1103 998 1374 1039 authorities.

98 1135 120 1171 8
211 1121 368 1168 Haud
397 1121 556 1168 ferme
592 1120 690 1166 alia
722 1120 1007 1167 mutatione
1041 1119 1210 1166 subita
1241 1136 1412 1167 rerum
1445 1120 1627 1167 clarior

144 1201 358 1248 victoria
389 1202 568 1262 populi
601 1202 819 1248 Romani
843 1204 934 1259 est,
976 1200 1017 1246 si
1051 1200 1258 1261 quidem
1291 1202 1460 1261 etiam,
1493 1202 1625 1263 quod

144 1282 450 1343 quibusdam
485 1283 540 1329 in
577 1283 849 1329 annalibus
885 1281 1108 1340 invenio,
1139 1281 1358 1329 Pontius
1390 1282 1627 1330 Herenni

143 1363 296 1423 filius,
329 1364 643 1411 Samnitium
676 1364 966 1424 imperator,
1003 1365 1059 1408 ut
1096 1362 1324 1423 expiaret
1358 1364 1626 1410 consulum

144 1444 498 1505 ignominiam,
547 1445 641 1491 sub
682 1445 862 1506 iugum
911 1460 1030 1490 cum
1080 1443 1259 1490 ceteris
1299 1446 1376 1490 est
1418 1444 1620 1492 missus,

96 1542 120 1581 9
144 1527 371 1572 ceterum
393 1524 446 1572 id
472 1526 647 1572 minus
670 1526 843 1584 miror,
875 1525 1146 1572 obscurum
1177 1542 1284 1572 esse
1311 1526 1370 1572 de
1395 1524 1626 1572 hostium

144 1606 270 1652 duce
331 1606 502 1653 dedito
560 1606 853 1667 missoque;
924 1606 976 1652 id
1034 1606 1199 1667 magis
1256 1606 1491 1652 mirabile
1549 1607 1626 1653 est

143 1688 348 1749 ambigi,
380 1687 631 1734 Luciusne
658 1687 925 1734 Cornelius
950 1687 1166 1735 dictator
1190 1704 1307 1734 cum
1331 1687 1386 1735 L.
1417 1686 1626 1748 Papirio

144 1769 360 1816 Cursore
380 1769 626 1830 magistro
651 1768 884 1829 equitum
909 1785 995 1815 eas
1019 1785 1101 1815 res
1124 1770 1186 1815 ad
1204 1769 1455 1817 Caudium
1473 1771 1625 1830 atque

74 1865 121 1892 10
142 1849 262 1914 ind-e
304 1850 575 1897 Luceriam
615 1849 827 1910 gesserit
868 1849 1105 1911 ultorque
1149 1849 1331 1896 unicus
1366 1850 1625 1897 Romanae

143 1930 459 1991 ignominiae
510 1930 649 1977 haud
702 1930 860 1977 sciam
912 1947 977 1977 an
1028 1930 1310 1977 iustissimo
1359 1929 1626 1990 triumpho

145 2011 208 2058 ad
273 2027 386 2058 eam
455 2013 675 2058 aetatem
735 2011 1016 2058 secundum
1077 2010 1291 2058 Furium
1350 2010 1626 2059 Camillum

144 2092 557 2154 triumphaverit,
590 2108 656 2139 an
681 2092 952 2139 consulmn
978 2092 1271 2153 Papiriique
1296 2092 1627 2154 praecipuum

74 2191 116 2216 11
145 2173 196 2220 id
235 2173 388 2220 decus
430 2173 508 2220 sit.
581 2173 810 2235 sequitur
847 2173 984 2219 hunc
1026 2189 1252 2220 errorem
1295 2173 1425 2220 alius
1465 2189 1621 2232 error,

147 2255 399 2301 Cursorne
425 2254 667 2316 Papirius
698 2254 948 2315 proximis
981 2253 1204 2301 comitiis
1236 2270 1355 2301 cum
1385 2254 1440 2314 Q.
1470 2253 1627 2301 Aulio

146 2335 419 2382 Cerretano
460 2335 648 2382 iterum
697 2335 760 2382 ob
814 2351 923 2381 rem
976 2335 1103 2382 bene
1146 2336 1344 2395 gestam
1385 2334 1626 2382 Luceriae

144 2416 440 2462 continuato
516 2416 823 2477 magistratu
895 2416 1075 2463 consul
1144 2415 1359 2462 tertium
1431 2417 1629 2462 creatus

146 2496 227 2555 sit,
274 2513 340 2543 an
384 2498 440 2545 L.
488 2497 727 2558 Papirius
769 2497 1076 2559 Mugilanus,
1123 2499 1174 2544 et
1217 2497 1272 2544 111
1323 2496 1627 2558 cognomine

145 2581 373 2625 erratum
413 2578 492 2626 sit.
1229 2579 1234 2582 ’
