1779 2897
582 107 706 151 ΜΒ.
746 108 828 150 lx.
906 108 1044 150 CAP.
1086 109 1127 148 11
1539 115 1602 168 13

112 244 385 298 Description
421 245 475 298 of
501 244 569 285 the
605 243 805 284 Caudina
835 243 989 284 Forks.
1056 243 1144 284 The
1175 244 1372 285 Romans
1404 249 1525 285 enter
1554 245 1606 298 by

229 303 297 344 the
318 304 426 355 first
449 316 572 357 pass,
596 302 690 342 ancl
709 302 817 353 find
848 301 916 342 the
948 302 1070 342 other
1093 302 1229 343 closed
1253 302 1305 355 by
1330 302 1398 343 the
1429 315 1605 355 enemy,-

227 362 419 414 startiny
460 367 500 402 to
540 366 710 410 return,
755 360 853 414 they
882 361 989 409 find
1029 360 1098 401 the
1140 365 1345 401 entrance
1385 361 1606 414 similarly

230 420 379 461 closed.

182 513 282 561 Sed
318 512 392 559 ita
428 519 580 559 natus
614 511 755 560 locus
787 516 893 560 est:
936 511 1099 559 saltus
1133 512 1232 559 duo
1266 512 1362 560 alti
1398 513 1605 574 angusti
1633 531 1651 568 7

112 593 390 656 silvosique
427 596 563 654 sunt,
604 593 872 641 montibus
908 593 1039 641 circa
1080 594 1340 655 perpetuis
1375 595 1515 641 inter
1550 610 1604 641 se

112 676 295 724 iuncti.
381 675 508 723 iacet
557 675 697 723 inter
742 691 827 723 eos
882 675 1009 723 satis
1061 677 1244 736 patens
1297 674 1499 723 clausus
1545 674 1602 722 in

113 757 283 805 medio
342 771 552 818 campus
607 756 856 804 herbidus
910 771 1243 818 aquosusque,
1306 773 1397 817 per
1451 772 1604 818 quem

111 838 343 886 medium
383 838 484 886 iter
523 841 614 887 est.
707 838 795 886 sed
831 840 1110 900 antequam
1146 838 1324 885 venias
1363 838 1427 884 ad
1465 854 1599 897 eum,
1630 852 1650 884 s·

112 920 382 967 intrandae
429 919 626 981 primae
674 920 942 981 angustiae
989 921 1131 978 sunt,
1172 922 1221 966 et
1272 922 1360 966 aut
1407 919 1600 978 eadem,

113 1016 213 1062 qua
243 1004 294 1048 te
326 1000 686 1060 insinuaveris,
725 1003 863 1048 retro
895 1000 980 1047 via
1010 1000 1286 1061 repetenda
1319 1005 1418 1059 aut,
1456 1001 1500 1047 si
1532 1000 1604 1047 ire

113 1098 265 1143 porro
303 1098 501 1144 pergas,
542 1098 636 1143 per
676 1082 839 1130 alium
887 1083 1078 1129 saltum
1126 1081 1369 1128 artiorem
1411 1081 1606 1143 inpedi-

111 1162 398 1225 tioremque
440 1163 780 1211 evadendum.
855 1163 912 1211 in
953 1179 1073 1211 eum
1116 1179 1356 1224 campum
1387 1163 1473 1210 via
1506 1163 1606 1210 alia
1630 1181 1652 1218 9

114 1259 202 1304 per
248 1259 426 1291 cavam
473 1259 656 1304 rupem
693 1243 919 1290 Romani
966 1243 1189 1291 demisso
1236 1243 1440 1304 agmine
1489 1260 1605 1289 cum

112 1325 177 1372 ad
234 1325 363 1372 alias
430 1325 695 1387 angustias
760 1325 999 1387 protinus
1056 1327 1342 1386 pergerent,
1405 1329 1606 1386 saeptas

114 1406 312 1454 deiectu
336 1405 578 1452 arborum
603 1421 944 1467 saxorumque
966 1405 1260 1467 ingentium
1285 1405 1606 1453 obiacentem

113 1487 304 1534 molem
346 1487 606 1534 invenere.
684 1503 803 1534 cum
844 1487 985 1534 fraus
1021 1487 1229 1534 hostilis
1270 1487 1604 1548 apparuisset,

113 1567 424 1630 praesidium
444 1567 601 1615 etiam
620 1567 676 1635 in
696 1584 898 1615 summo
918 1568 1054 1615 saltu
1074 1567 1397 1628 conspicitur.
1465 1568 1608 1615 citati
1639 1586 1685 1612 10

115 1649 233 1696 inde
274 1652 424 1708 retro,
469 1665 568 1710 qua
608 1653 872 1707 venerant,
917 1654 1134 1711 pergunt
1181 1651 1408 1709 repetere
1450 1649 1602 1697 viam.

113 1747 227 1778 eam
252 1747 452 1792 quoque
479 1731 703 1778 clausam
731 1746 821 1777 sua
847 1730 984 1777 obice
1011 1730 1270 1791 armisque
1296 1729 1585 1778 inveniunt.

119 1881 452 1922 Consternation
494 1883 586 1921 am!
627 1882 810 1934 despair
849 1879 902 1933 of
933 1880 1141 1921 Roman-s.
1212 1880 1298 1921 The
1343 1881 1525 1922 soldiers
1565 1881 1618 1934 of

229 1940 347 1981 their
383 1952 475 1981 own
524 1940 679 1980 accord
708 1940 884 1991 sm‘tfzsfy
925 1952 952 1978 a
994 1952 1150 1991 ‹²amp;
1202 1940 1293 1979 ancl
1338 1939 1405 1979 the
1446 1942 1612 1993 Officers

230 2011 281 2051 90
314 2003 354 2039 to
387 1998 456 2039 the
488 1998 674 2039 consuls.

181 2099 384 2147 Sistunt
433 2099 555 2147 inde
604 2099 822 2161 gradum
867 2099 977 2145 sine
1028 2099 1183 2146 ullius
1226 2099 1459 2160 imperio,
1502 2104 1606 2147 stu-

114 2197 307 2242 porque
357 2180 592 2228 omnium
639 2180 841 2227 animos
888 2195 945 2226 ae
986 2180 1128 2226 velut
1177 2183 1356 2240 torpor
1398 2181 1606 2242 quidam

115 2262 354 2310 insolitus
401 2262 636 2310 membra
688 2264 846 2319 tenet,
901 2260 1268 2322 intuentesque
1324 2261 1411 2307 alii
1461 2262 1601 2321 alios,
1641 2276 1675 2302 11

116 2360 231 2390 cum
269 2344 491 2392 alterum
533 2343 747 2406 quisque
791 2346 1063 2403 conpotem
1110 2343 1277 2404 magis
1318 2343 1509 2389 mentis
1551 2358 1607 2389 ac

117 2425 319 2473 consilii
343 2426 601 2485 ducerent,
633 2425 723 2472 diu
745 2424 1019 2472 inmobiles
1052 2424 1222 2474 silent.
1300 2424 1482 2472 deinde
1521 2424 1607 2470 ubi
1639 2444 1681 2470 ι.)

116 2506 367 2567 praetoria
387 2507 657 2553 consulum
681 2505 812 2567 erigi
831 2506 1003 2553 videre
1029 2510 1078 2553 et
1100 2505 1338 2565 expedire
1360 2505 1605 2566 quosdam

118 2587 265 2635 utilia
312 2588 467 2651 operi,
521 2603 833 2651 quamquam
883 2587 1107 2634 ludibrio
1155 2587 1262 2633 fore
1312 2586 1607 2633 munientes
