1779 2897
180 185 250 236 42
764 179 898 220 T1T1
953 178 1083 221 L1V1

180 294 403 342 exercitu
438 294 660 355 advenit,
696 296 746 342 et
783 297 1098 342 commeatus
1133 292 1194 342 ex
1226 294 1492 342 montibus
1525 296 1660 344 Sam-

110 395 153 420 11
180 375 369 422 nitium
393 375 585 422 invecti
617 378 763 424 erant
795 378 848 423 et
879 376 1072 423 auxilia
1094 376 1404 425 intromissa.
1475 379 1662 425 artiora

179 455 354 502 omnia
378 455 631 502 adventus
649 456 845 502 Publili
868 456 1002 516 fecit,
1028 457 1116 518 qui
1142 457 1405 504 obsidione
1430 458 1660 519 delegata

177 535 235 582 in
270 552 443 582 curam
480 536 702 597 collegae
735 552 896 599 vagus
935 553 1026 598 per
1065 554 1215 600 agros
1256 541 1438 585 cuncta
1474 537 1662 585 infesta

109 638 152 663 12
177 616 547 664 commeatibus
597 617 827 664 hostium
878 618 1095 665 fecerat:
1154 619 1324 680 itaque
1378 635 1494 665 cum
1547 635 1662 679 spes

179 697 323 744 nulla
346 699 479 744 esset
512 698 704 745 diutius
743 697 974 746 obsessos
1008 698 1239 760 inopiam
1263 699 1471 759 laturos,
1503 699 1662 746 coacti

179 778 450 837 SamniteS‚
477 778 565 839 qui
588 779 652 826 ad
668 779 933 826 Luceriam
959 782 1121 827 castra
1145 780 1415 839 habebant,
1436 779 1661 841 undique

180 859 454 907 contractis
478 858 677 907 viribus
702 859 850 922 signa
876 876 993 907 cum
1018 859 1226 921 Papirio
1252 860 1490 908 conferre.

861 1121 990 1168 XIV

181 1243 419 1286 Tarentine
440 1256 593 1297 envoys
612 1244 758 1284 arrii-e
780 1256 835 1285 on
857 1243 925 1284 the
945 1256 1077 1293 scene,
1102 1244 1194 1285 (md
1215 1244 1347 1286 order
1357 1244 1553 1286 Romans
1573 1245 1665 1285 and

294 1302 514 1344 Samnites
534 1307 609 1344 not
628 1307 670 1344 to
685 1302 815 1355 fiyht.
867 1302 1083 1355 Papirius
1098 1304 1309 1355 pretends
1329 1307 1370 1344 to
1393 1302 1543 1354 confer
1560 1302 1664 1343 with

294 1361 365 1402 h‘is
404 1361 618 1414 colleayue
660 1361 751 1401 and
783 1373 999 1414 prepares
1026 1361 1111 1414 for
1145 1361 1285 1411 battle,
1326 1361 1419 1401 and
1459 1360 1557 1401 tells
1596 1360 1664 1401 the.

299 1419 561 1460 Tarentines
588 1423 628 1460 to
656 1419 783 1459 mind
806 1419 922 1459 their
939 1431 1035 1460 own
1064 1418 1270 1460 business.
1335 1418 1424 1460 The
1444 1418 1666 1459 Samnites

294 1477 496 1530 wishfor
515 1478 631 1518 their
649 1478 952 1519 intervention.

136 1614 152 1640 1
246 1591 349 1639 Per
383 1591 437 1639 id
477 1594 689 1652 tempus
729 1591 1034 1653 parantibus
1058 1591 1289 1653 utrisque
1333 1607 1383 1638 se
1428 1591 1492 1638 ad
1525 1607 1663 1652 proe-

177 1671 309 1720 lium
355 1672 512 1734 legati
559 1671 831 1720 Tarentini
879 1671 1237 1719 interveniunt
1298 1671 1664 1720 denuntiantes

178 1754 504 1803 Samnitibus
553 1753 917 1816 Romanisque,
971 1755 1030 1800 ut
1083 1752 1280 1800 bellum
1334 1752 1661 1800 omitterent:

178 1853 267 1898 per
326 1838 469 1883 utros
522 1836 762 1896 stetisset,
822 1851 920 1897 quo
974 1833 1149 1882 minus
1201 1834 1549 1881 discederetur
1598 1833 1662 1880 ab

178 1917 349 1976 armis,
410 1917 653 1964 adversus
705 1933 794 1964 eos
847 1932 898 1963 se
953 1932 1045 1976 pro
1099 1914 1274 1962 alteris
1325 1916 1655 1976 pugnaturos.

135 2022 152 2046 2
176 2014 235 2045 ea
259 1997 513 2058 legatione
533 1996 773 2058 Papirius
797 1995 972 2044 audita
995 1994 1207 2056 perinde
1234 2010 1290 2041 ac
1313 1996 1489 2041 motus
1512 1993 1664 2041 dictis

176 2095 355 2127 eorum
386 2095 502 2125 cum
535 2078 728 2140 collega
760 2095 811 2125 se
847 2076 1348 2124 communicaturum
1379 2075 1659 2137 respondit,

177 2161 438 2222 accitoque
464 2177 535 2220 eo,
562 2177 679 2207 cum
703 2163 908 2221 tempus
934 2176 1084 2207 omne
1110 2157 1167 2204 in
1192 2160 1438 2219 apparatu
1462 2173 1661 2220 pugnae

179 2242 592 2303 consumpsisset,
615 2242 916 2288 conlocutus
941 2241 1000 2288 de
1028 2257 1078 2287 re
1104 2239 1241 2287 haud
1267 2239 1433 2299 dubia,
1455 2238 1661 2301 signum

133 2345 154 2382 3
179 2339 380 2385 pugnae
426 2323 704 2384 proposuit.
782 2321 1051 2384 agentibus
1098 2320 1270 2368 divina
1317 2319 1656 2383 humanaque,

180 2421 307 2467 quae
333 2404 565 2452 adsolent
591 2421 708 2451 cum
734 2403 838 2451 acie
865 2402 1217 2450 dimicandum
1241 2403 1331 2460 est,
1365 2399 1661 2448 consulibus

178 2485 447 2534 Tarentini
478 2485 635 2547 legati
666 2500 924 2531 occursare
956 2498 1259 2542 responsum
1290 2483 1654 2542 exspectantes,

130 2592 154 2626 4
178 2568 363 2628 quibus
420 2566 657 2627 Papirius
733 2565 838 2611 ait:
905 2561 1158 2622 ‘auspicia
1234 2561 1455 2608 secunda
1530 2577 1652 2619 esse,

177 2647 458 2707 Tarentini,
497 2646 745 2706 pullarius
782 2644 1003 2702 nuntiat,
1042 2643 1249 2690 litatum
1282 2645 1541 2703 praeterea
1580 2645 1657 2688 est
