1779 2897
356 122 685 165 GRAMMAR
736 123 874 163 AND
927 122 1331 165 METAPHORS
1514 130 1584 184 97

261 239 354 277 viii.
377 239 406 277 6
433 250 489 276 ne
518 236 628 286 quid
658 237 800 275 obstet
826 249 913 286 quo
943 239 1094 275 minus
1124 239 1293 276 lustum
1314 267 1322 276 .
1342 268 1352 278 .
1377 268 1385 276 .
1410 240 1586 277 ineatur

313 293 495 332 bellum.

262 349 320 386 xi.
346 360 394 385 10
412 358 492 385 neo
512 358 660 384 moror
680 358 766 395 quo
784 346 936 385 minus
956 347 1004 384 in
1025 347 1253 384 civitatem
1276 375 1286 385 .
1303 376 1313 385 .
1333 375 1343 386 .
1367 346 1562 386 redeant.

261 403 322 440 xi.
346 413 395 450 13
414 403 612 439 moratus
631 400 690 438 sit
709 411 854 449 nem0‚
877 412 964 449 quo
983 401 1135 438 minus
1154 430 1165 440 .
1182 430 1192 439 .
1214 429 1225 439 .
1249 400 1423 440 abeant.

260 456 345 495 xiv.
372 467 390 492 1
422 467 501 504 per
526 455 650 492 utros
678 455 886 504 stetisset,
910 466 996 503 quo
1023 455 1175 493 minus
1205 454 1504 493 discederetur
1532 456 1584 493 ab

313 510 461 548 armis.

102 568 204 602 With
225 566 364 610 quin:
396 563 440 601 ii.
467 575 492 612 3
513 575 593 600 nec
612 563 768 612 procul
789 564 937 602 abesse
958 564 1069 612 quin
1090 564 1136 601 vi
1156 564 1345 613 capiant.

259 618 304 656 ii.
325 628 350 666 5
371 617 493 656 haud
513 619 608 655 erat
628 617 816 655 dubium
837 619 949 666 quin
971 629 1099 667 opem
1119 616 1342 656 Romanus
1362 618 1509 658 ferret.

101 674 200 710 With
232 684 365 711 cum:
398 671 562 722 (causat)
597 672 626 710 i.
658 683 702 708 11
741 672 924 721 proinde
965 684 1064 710 cum
1101 672 1348 711 maximum
1386 685 1584 712 momen-

313 728 412 765 tum
431 727 505 766 sit.

257 782 316 820 iv.
344 793 362 818 1
385 792 487 819 cum
505 779 671 818 frustra
692 781 828 818 multi
850 786 1032 819 conatus
1054 782 1170 831 capti
1191 784 1351 820 essent.

260 837 307 875 ii.
332 848 379 874 11
421 847 521 874 cum
568 835 759 873 alterum
807 836 995 885 quisque
1049 838 1281 885 conpotem
1329 838 1469 885 magis
1505 866 1512 876 .
1541 867 1548 875 .
1570 866 1579 876 .

312 890 536 928 ducerent.

258 946 345 984 xix.
374 956 422 993 13
444 956 544 983 cum
566 975 575 983 .
593 974 603 984 .
627 975 635 982 .
660 945 812 982 iuncta
833 957 900 983 res
920 945 1088 982 Punica
1110 944 1331 983 Romanae
1349 950 1473 984 esset.

207 998 444 1050 (concessive)
479 999 538 1038 vi.
564 1012 588 1046 4
628 1011 728 1037 cum
766 1001 868 1037 ante
908 1001 1080 1037 noctem
1120 999 1315 1049 Capuam
1351 1001 1582 1050 pervenire

310 1056 498 1104 possent.

255 1109 333 1147 vii.
360 1121 377 1146 1
400 1121 501 1146 cum
522 1108 629 1146 haec
651 1107 917 1156 dicerentur,
941 1107 1010 1147 &c.

257 1164 317 1201 ix.
338 1175 365 1212 9
384 1175 484 1201 cum
503 1162 552 1200 id
573 1175 653 1200 nec
674 1162 869 1200 consulis
890 1163 959 1200 ius
979 1165 1102 1200 esset.

99 1220 200 1255 With
228 1222 501 1263 antequam:
538 1217 585 1256 ii.
607 1217 632 1253 8
661 1219 900 1266 antequam
928 1217 1080 1254 venias
1109 1217 1164 1254 ad
1194 1228 1310 1265 eum,
1343 1217 1581 1256 intrandae

309 1272 478 1321 primae
509 1271 738 1321 angustiae
769 1273 887 1309 sunt.

95 1329 236 1365 Final
257 1325 459 1376 (special):
488 1326 515 1364 i.
539 1338 565 1374 3
593 1337 650 1363 ne
676 1325 795 1363 nihil
825 1327 972 1363 actum
1004 1326 1086 1364 hac
1117 1325 1335 1374 legatione
1365 1327 1581 1364 censeatis

310 1382 386 1429 (sc.
407 1383 434 1418 Ι
449 1385 555 1418 must
572 1382 630 1417 tell
649 1392 721 1425 you
738 1379 846 1430 this).
909 1380 963 1418 So
981 1381 1069 1418 xvi.
1096 1380 1156 1427 16,
1180 1381 1285 1418 xvii.
1307 1380 1334 1416 6
1353 1379 1443 1418 and
1467 1393 1527 1428 14.

256 1435 382 1473 xviii.
402 1447 427 1472 2
446 1438 498 1472 ut
523 1435 585 1472 ita
606 1434 751 1472 dicam
773 1436 845 1479 (sc.
869 1437 977 1472 allow
996 1435 1088 1483 me).

255 1490 318 1527 iii.
344 1500 390 1526 11
413 1490 451 1526 si
470 1488 615 1526 media
631 1489 705 1526 via
725 1488 900 1526 consilii
919 1490 1158 1538 caperetur,
1174 1492 1225 1526 ut
1244 1488 1580 1527 dimitterentur

305 1543 552 1582 incolumes
590 1542 824 1591 (clepenclz'ny
861 1555 910 1580 οη
947 1542 1136 1591 consilii,
1180 1546 1302 1580 which
1327 1562 1359 1574 Ξ
1384 1546 1490 1580 ‘ancl
1530 1557 1580 1581 we

301 1610 466 1644 purpose
494 1597 632 1647 that’j.
691 1596 755 1636 Cf.
788 1597 879 1635 also
909 1609 948 1635 v.
972 1608 997 1645 3
1026 1596 1115 1635 and
1145 1597 1223 1635 vii.
1249 1609 1308 1635 12.

92 1652 204 1699 After
240 1654 397 1698 potius
433 1663 597 1698 quam:
637 1652 724 1690 xiv.
749 1652 799 1688 16
832 1651 962 1689 fateri
996 1652 1145 1690 omnia
1185 1651 1394 1701 patienda
1432 1653 1578 1703 potius

309 1718 440 1756 quam
461 1705 722 1756 proderetur
742 1706 874 1744 salus.

253 1763 340 1799 xiv.
367 1774 388 1810 7
411 1761 556 1811 potius
578 1773 780 1810 passuros
802 1773 935 1810 quam
956 1763 1003 1799 ut
1024 1791 1032 1799 .
1054 1790 1062 1798 .
1083 1791 1091 1799 .
1118 1760 1366 1799 videantur.

91 1921 400 1966 Apposition:
430 1920 599 1969 (instead
625 1923 668 1967 os
686 1919 876 1970 adjective)
907 1920 1032 1957 xviii.
1059 1930 1107 1967 15
1133 1919 1325 1958 tironem
1351 1926 1426 1958 aut
1462 1921 1577 1958 mala

307 1973 545 2023 disciplina
565 1975 826 2012 institutum
847 1975 1100 2013 exercitum.

255 2028 350 2067 xiii.
377 2040 427 2066 10
443 2029 612 2066 victore
632 2028 827 2066 exercitu
847 2028 1043 2066 advenit.

253 2095 293 2121 x.
323 2095 372 2120 10
391 2083 562 2132 legatus
581 2081 747 2120 fetialis
769 2082 896 2130 (butf.
919 2095 1010 2128 may
1030 2085 1068 2120 be
1090 2084 1202 2133 culs).

92 2138 294 2183 Coeptus
315 2142 413 2175 erat
432 2150 441 2174 ε
473 2135 570 2188 (vii.
590 2142 630 2186 7)
655 2136 845 2174 dilectus
865 2136 1017 2174 haberi
1037 2139 1218 2186 coeptus
1238 2139 1343 2176 erat.

254 2191 309 2230 So
328 2192 405 2230 xii.
432 2203 452 2240 7
473 2191 638 2240 passim
659 2203 782 2229 arma
803 2191 956 2228 iactari
976 2192 1140 2240 coepta.

92 2248 340 2284 Forsitan:
367 2247 426 2284 xi.
454 2257 502 2294 13
531 2245 621 2284 and
648 2246 738 2283 xix.
764 2257 810 2293 13
845 2244 925 2294 (not
951 2247 1129 2292 affectinq
1157 2246 1440 2294 construction].
1523 2249 1575 2293 s's.

306 2299 429 2338 haud
456 2300 591 2338 sciam
621 2311 679 2337 an
711 2303 751 2337 in
780 2312 851 2338 xv,
876 2301 958 2349 10.)

91 2357 257 2394 Modo:
292 2355 401 2406 (non
420 2353 550 2392 modo
568 2384 577 2393 .
602 2383 612 2392 .
632 2385 640 2392 .
662 2354 737 2392 sed
759 2366 814 2391 ne
835 2384 844 2393 .
863 2384 871 2392 .
895 2385 903 2392 .
928 2354 1126 2403 quidem)
1150 2355 1208 2392 vi.
1230 2354 1255 2391 8
1274 2353 1363 2392 aud
1384 2355 1468 2393 xix.
1491 2366 1548 2402 14.

255 2412 363 2459 (with
380 2409 617 2457 imperative)
639 2409 702 2447 iii.
733 2421 780 2446 12
800 2411 969 2447 servate
988 2408 1131 2448 modo,

254 2466 362 2512 (with
381 2464 631 2513 subjunctive)
652 2478 661 2501 :
696 2476 752 2501 see
776 2466 897 2501 under
915 2463 941 2500 J
945 2463 1088 2501 ussive
1109 2461 1410 2511 Subjunctive.

93 2519 243 2562 Quam
262 2532 272 2556 :
311 2517 498 2567 (omitted)
533 2518 623 2556 xix.
653 2528 677 2565 5
715 2529 817 2556 cum
850 2518 1082 2566 veteranis,
1121 2529 1213 2555 non
1252 2517 1350 2566 plus
1391 2518 1576 2566 triginta

307 2573 492 2610 milibus
518 2572 766 2610 hominum.
825 2572 946 2618 (Also
975 2572 1098 2609 xviii.
1119 2571 1176 2622 8.)

93 2629 245 2672 Quin:
277 2627 459 2677 (zquin
481 2627 657 2676 etiam):
690 2627 775 2666 xvi.
801 2639 849 2674 19
869 2626 978 2675 quin
1000 2638 1097 2665 eum
1121 2638 1272 2679 parem
1296 2625 1533 2669 destinant,

161 2703 303 2732 Lrwnt
826 2705 860 2738 H
