1779 2897
544 186 669 228 LIB.
711 185 793 228 IX.
866 184 1005 226 CAP.
1050 184 1170 224 XIII
1533 188 1599 240 41

112 318 218 349 non
249 302 353 349 fusi
383 302 536 349 modo
567 302 743 348 hostes
779 303 917 360 sunt,
947 301 1035 347 sed
1072 316 1137 348 ne
1174 299 1358 346 castris
1393 298 1604 360 quidem

113 383 220 430 suis
244 383 418 445 fugam
443 383 675 444 inpedire
709 382 820 429 ausi
844 381 1094 442 Apuliam
1120 380 1357 441 dissipati
1384 380 1604 441 petiere;

112 464 384 512 Luceriam
425 467 599 512 tamen
647 466 816 510 coacto
872 478 1050 509 rursus
1096 463 1152 510 in
1194 478 1358 508 unum
1399 462 1603 523 agmine

111 548 190 593 est
241 550 564 607 perventum.
641 545 901 592 Romanos
951 543 1027 590 ira
1083 543 1272 602 eadem,
1334 559 1463 605 quae
1516 559 1606 604 per
1628 564 1648 601 5

111 626 337 675 mediam
361 627 522 674 aciem
545 626 775 673 hostium
798 625 1002 683 tulerat,
1027 628 1078 672 et
1104 625 1159 672 in
1185 628 1348 672 castra
1371 624 1601 686 pertulit.

112 707 184 755 ibi
216 708 334 768 plus
367 724 522 770 quam
555 707 611 754 in
647 707 754 754 acie
792 706 1058 768 sanguinis
1094 723 1150 754 ac
1188 706 1356 753 caedis
1391 705 1601 755 factum.

111 790 426 851 praedaeque
450 806 566 850 pars
598 789 761 837 maior
786 788 859 836 ira
885 791 1136 849 corrupta.

112 974 331 1028 Papirius
361 974 537 1015 reaches
563 973 683 1026 Arpi
716 972 894 1014 without
925 973 1185 1026 opposition,
1215 972 1308 1012 ancl
1334 972 1540 1025 proceeds
1568 976 1609 1013 to

230 1033 390 1085 besieqe
416 1033 621 1074 Luceria.
684 1031 951 1085 Difficulte'es
981 1032 1036 1083 of
1058 1032 1380 1072 commissariat
1399 1031 1483 1084 for
1511 1030 1609 1072 both

222 1093 408 1145 partIes.
468 1092 681 1132 Junction
717 1092 770 1142 of
792 1090 966 1131 Roman
999 1090 1171 1130 armies.

180 1205 453 1252 Exercitus
467 1204 596 1252 alter
614 1220 731 1251 cum
740 1203 946 1264 Papirio
964 1202 1173 1250 consule
1189 1202 1315 1250 locis
1332 1201 1610 1267 maritimis
1631 1208 1654 1247 6

112 1289 413 1348 pervenerat
463 1287 638 1347 Arpos
690 1301 781 1346 per
834 1284 1009 1330 onmia
1062 1287 1239 1345 pacata
1293 1283 1609 1331 Samnitium

113 1368 279 1429 magis
313 1367 518 1415 iniuriis
554 1370 605 1414 et
643 1367 759 1414 odio
803 1381 958 1428 quam
999 1365 1245 1412 beneficio
1282 1365 1390 1412 ullo
1431 1365 1610 1427 populi

114 1449 350 1497 Romani.
414 1465 538 1496 nam
563 1449 825 1497 Samnites
849 1463 907 1495 ea
929 1448 1238 1508 tempestate
1262 1447 1319 1494 in
1342 1446 1612 1494 montibus
1637 1461 1656 1501 7

113 1531 324 1578 vicatim
374 1530 674 1579 habitantes
726 1528 1036 1589 campestria
1087 1531 1137 1575 et
1189 1528 1452 1575 maritima
1503 1528 1611 1575 loca

115 1615 410 1674 contempto
442 1612 699 1659 cultorum
730 1610 970 1658 molliore
1001 1612 1170 1671 atque,
1199 1613 1256 1657 ut
1284 1609 1459 1658 evenit
1483 1609 1605 1668 fere,

115 1693 242 1741 locis
289 1694 452 1741 simili
496 1710 682 1756 genere
735 1692 835 1753 ipsi
886 1692 1125 1740 montani
1179 1694 1330 1754 atque
1385 1694 1613 1753 agrestes

117 1775 575 1837 depopulabantur.
668 1789 798 1836 quae
854 1773 992 1835 regio
1041 1773 1087 1821 si
1140 1773 1244 1820 fida
1288 1772 1612 1821 Samnitibus
1634 1779 1657 1816 8

115 1856 310 1916 fuisset,
366 1860 458 1904 aut
511 1855 783 1916 pervenire
824 1856 997 1916 Arpos
1045 1854 1298 1902 exercitus
1342 1854 1611 1902 Romanus

117 1938 391 1999 nequisset,
437 1938 527 1984 aut
577 1936 847 1983 interiecta
897 1935 1036 1982 inter
1077 1935 1299 1982 Romam
1347 1936 1398 1981 et
1441 1935 1613 1996 Arpos

116 2019 329 2080 penuria
383 2034 555 2065 rerum
609 2017 843 2064 omnium
896 2017 1130 2064 exclusos
1171 2032 1202 2064 a
1242 2016 1613 2063 commeatibus

116 2100 504 2161 absumpsisset.
596 2101 712 2146 tum
781 2114 983 2160 quoque
1049 2097 1307 2159 profectos
1366 2097 1489 2144 inde
1546 2097 1611 2146 ad

116 2181 403 2240 Luceriam,
464 2180 608 2227 iuxta
667 2179 965 2227 obsidentes
1024 2179 1371 2240 obsessosque,
1433 2178 1610 2241 inopia

117 2262 336 2310 vexavit.
435 2262 611 2309 onmia
669 2260 733 2309 ab
792 2261 953 2322 Arpis
1010 2260 1260 2308 Romanis
1324 2261 1654 2321 suppedita—9

117 2343 323 2402 bantur,
373 2344 599 2390 ceterum
645 2342 769 2389 adeo
817 2341 1011 2402 exigue,
1059 2342 1117 2388 ut
1164 2339 1322 2388 militi
1370 2343 1611 2402 occupato

118 2423 430 2471 stationibus
477 2422 769 2484 vigiliisque
832 2425 881 2468 et
944 2438 1093 2483 opere
1154 2437 1308 2483 eques
1366 2421 1612 2468 folliculis

119 2505 174 2551 in
215 2506 381 2552 castra
421 2503 485 2550 ab
523 2504 683 2565 Arpis
723 2503 1049 2550 frumentum
1084 2503 1308 2561 veheret,
1349 2502 1612 2549 interdum

119 2602 330 2633 occursu
349 2584 577 2632 hostium
596 2587 863 2646 cogeretur
886 2583 1083 2632 abiecto
1107 2600 1169 2630 ex
1194 2600 1322 2645 equo
1349 2583 1613 2630 frumento

120 2681 367 2726 pugnare.
438 2665 658 2713 obsessis
683 2665 840 2726 prius.
873 2681 1028 2725 quam
1062 2664 1192 2712 alter
1216 2663 1395 2711 consul
1420 2663 1612 2710 victore
1640 2685 1688 2711 10
