1779 2897
152 155 223 190 22
738 148 870 189 TITI
925 148 1057 190 LIVI

83 278 125 316 15
152 264 299 312 foeda
322 268 472 326 atque
505 263 850 325 ignominiosa
881 263 1070 312 deditio
1102 267 1193 313 est.
1256 264 1344 312 sed
1370 279 1428 311 ea
1453 265 1638 312 caritas

151 345 344 407 patriae
390 348 482 405 est,
528 346 586 392 ut
632 347 741 392 tam
782 345 1069 407 ignominia
1113 361 1227 392 eam
1276 361 1431 407 quam
1474 348 1638 394 morte

85 436 128 473 16
154 428 340 486 nostra,
377 425 421 473 si
458 441 585 486 opus
620 425 701 486 sit,
740 442 1016 475 servemus.
1091 426 1335 474 subeatur
1365 442 1486 487 ergo
1523 426 1632 486 ista,

152 510 563 569 quantacumque
603 511 695 566 est,
732 506 1025 568 indignitas,
1063 509 1114 554 et
1151 510 1388 568 pareatur
1428 509 1638 554 necessi-

151 588 262 648 tati,
299 604 454 650 quam
486 605 551 636 ne
590 588 661 635 dii
695 589 903 649 quidem
939 590 1193 650 superant.
1269 588 1353 648 ite,
1385 587 1633 646 consules,

152 669 386 717 redimite
418 669 574 717 armis
609 669 882 720 civitatem.
913 685 1066 731 quam
1091 684 1214 716 auro
1240 668 1456 717 maiores
1478 669 1637 717 vestri

155 750 495 797 redemerunt.
507 751 517 769 ⁹

876 906 922 954 V

158 1015 244 1057 The
272 1017 446 1058 consuls
473 1030 552 1070 say
573 1016 670 1070 they
691 1021 851 1059 cannot
872 1017 997 1058 make
1019 1030 1044 1058 α
1064 1016 1240 1071 formal
1268 1021 1408 1070 treaty
1436 1017 1490 1071 of
1505 1030 1640 1070 peace

273 1073 489 1129 (foedus),
514 1075 590 1116 bnt
621 1075 723 1127 only
755 1090 782 1116 (ι
810 1080 1054 1128 quat-antee
1088 1073 1331 1130 (sponsio).
1396 1075 1566 1117 Nature
1595 1075 1649 1129 of

271 1147 298 1174 α
323 1131 527 1187 ‘foedus'
596 1133 856 1175 Conditions
874 1135 931 1189 of
943 1134 1012 1175 the
1035 1132 1272 1187 ‘sponsia'

112 1256 124 1280 I
222 1234 470 1281 Consules
515 1233 731 1295 profecti
777 1234 840 1281 ad
888 1233 1138 1281 Pontium
1185 1233 1241 1280 in
1295 1232 1636 1295 conloquium,

153 1330 272 1362 cum
319 1315 380 1362 de
420 1315 624 1362 foedere
662 1314 829 1363 victor
870 1314 1096 1376 agitaret,
1140 1316 1394 1376 negarunt
1440 1314 1638 1362 iniussu

152 1395 332 1458 populi
367 1395 544 1444 foedus
578 1395 693 1443 fieri
726 1411 874 1458 posse
914 1411 1008 1443 nec
1049 1395 1160 1442 sine
1195 1394 1455 1443 fetialibus
1495 1395 1640 1443 caeri-

111 1496 125 1520 ]
153 1477 425 1538 moniaque
480 1477 580 1524 alia
637 1476 889 1525 sollemni.
982 1476 1152 1538 itaque
1209 1492 1331 1536 11011,
1381 1478 1440 1524 ut
1485 1476 1641 1537 vulgo

152 1557 367 1605 credunt
421 1557 766 1619 Claudiusque
824 1558 981 1605 etiam
1035 1556 1226 1616 scribit,
1284 1556 1491 1605 foedere
1541 1574 1641 1620 pax

108 1652 127 1687 5.
153 1637 396 1699 Caudina,
425 1638 514 1685 sed
541 1655 633 1700 per
658 1637 987 1700 sponsionem
1019 1638 1154 1686 facta
1187 1642 1277 1686 est.
1355 1639 1477 1700 quid
1501 1639 1640 1686 enim

152 1721 240 1767 aut
266 1719 600 1780 sponsoribus
628 1719 684 1766 in
708 1720 911 1767 foedere
934 1735 1062 1781 opus
1086 1722 1220 1767 esset
1247 1721 1335 1767 aut
1361 1719 1637 1779 obsidibus,

153 1799 243 1846 ubi
275 1800 567 1861 precatione
604 1816 686 1848 res
719 1800 1043 1861 transigitur,
1080 1817 1169 1863 per
1202 1817 1357 1862 quem
1391 1800 1641 1863 populum

154 1881 258 1940 fiat,
299 1897 399 1942 quo
437 1880 612 1928 minus
652 1880 855 1942 legibus
895 1880 1047 1929 dictis
1089 1883 1267 1941 stetur,
1308 1883 1367 1929 ut
1407 1897 1529 1928 eum
1570 1881 1642 1929 ita

155 1960 390 2023 Iuppiter
448 1961 588 2021 eriat,
631 1962 1067 2023 quemadmodum
1105 1978 1134 2009 a
1168 1961 1425 2010 fetialibus
1460 1977 1641 2024 porcus

107 2063 129 2094 4
154 2043 407 2093 feriatur?
424 1961 842 2170 &spoponderunt
861 2045 1110 2104 consules,
1135 2044 1305 2105 legati,
1329 2047 1637 2106 quaestores,

153 2124 353 2172 tribuni
388 2141 440 2172 111
464 2124 632 2178 11111111,
670 2126 982 2187 nominaque
1019 2125 1268 2185 omnium,
1306 2125 1395 2186 qui
1430 2142 1642 2187 spopon-

155 2204 355 2265 derunt,
394 2208 614 2266 exstant,
654 2205 757 2266 ubi,
799 2207 842 2253 si
883 2222 946 2253 ex
987 2206 1186 2254 foedere
1223 2208 1335 2253 acta
1377 2222 1456 2254 res
1490 2210 1637 2266 esset,

110 2306 129 2342 5
154 2289 510 2348 praeterquam
549 2287 769 2334 duorum
805 2287 1060 2334 fetialium
1103 2303 1207 2334 non
1248 2289 1542 2347 exstarent;
1590 2290 1643 2335 et

156 2371 366 2428 propter
413 2367 750 2415 necessariam
808 2367 1026 2415 foederis
1083 2367 1383 2415 dilationem
1443 2369 1643 2416 obsides

155 2447 312 2495 etiam
346 2447 566 2495 sescenti
596 2448 794 2510 equites
827 2448 1079 2509 imperati,
1109 2448 1196 2510 qui
1226 2448 1388 2510 capite
1422 2448 1637 2509 luerent.

111 2538 132 2574 s»
157 2529 200 2575 si
260 2533 406 2590 pacto
458 2545 563 2576 11011
617 2532 851 2577 staretur.
950 2533 1158 2591 tempus
1211 2530 1332 2577 inde
1386 2533 1639 2578 statutum

159 2610 422 2656 tradendis
449 2610 711 2657 obsidibus
737 2611 1063 2672 exercituque
1088 2611 1275 2658 inermi
1301 2612 1569 2660 mittendo.
1634 2641 1682 2678 >N
