1779 2897
527 137 651 179 ΜΒ.
690 136 773 178 ΙΧ.
845 135 985 177 CAP.
1024 135 1187 175 XVIII
1534 138 1604 193 55

114 252 275 302 vestis
315 256 366 300 et
408 253 722 300 desideratas
756 251 907 298 humi
942 249 1227 296 iacentium
1264 248 1597 306 adulationes,

115 333 273 381 etiam
295 333 450 381 victis
473 332 840 380 Macedonibus
862 346 1052 392 graveS,
1084 330 1277 377 nedimi
1300 329 1601 387 victoribus,

113 417 166 463 et,
196 415 343 462 foeda
375 414 625 476 supplicia
657 415 706 460 et
744 412 882 459 inter
905 413 1091 459 vinum
1127 414 1177 458 et
1214 410 1394 472 epulas
1430 410 1608 457 caedes

114 495 397 543 amicorum
421 497 471 542 et
496 495 784 542 vanitatem
810 493 1165 540 ementiendae
1189 491 1384 553 stirpis.
1462 491 1599 554 quid,
1631 512 1652 549 5

115 577 160 624 si
193 576 307 624 vini
342 592 487 634 amor
522 575 580 622 in
616 575 725 622 dies
759 575 907 622 fieret
943 574 1151 621 acrior?
1223 573 1362 634 quid,
1406 573 1450 619 si
1484 574 1608 619 trux

113 675 171 705 ac
203 658 525 720 praefervida
559 657 754 704 ira?—
772 673 864 703 nec
908 655 1179 718 quicquam
1216 655 1433 702 dubium
1470 654 1608 701 inter

114 739 388 801 scriptores
430 738 788 786 refero—nul-

112 819 228 868 lane
278 820 403 869 haec
456 820 643 867 damna
695 819 790 866 im-

114 902 384 963 peratoriis
509 901 796 949 virtutibus

114 983 392 1032 ducimus?
446 984 500 1031 id
516 1000 640 1031 vero
658 983 792 1044 peri-

114 1064 287 1112 culum
320 1067 441 1124 erat,
474 1064 609 1126 quod
639 1064 793 1110 levis-

115 1145 238 1192 simi
296 1163 360 1193 ex
419 1146 638 1205 Graecis,
706 1145 796 1206 qui

114 1227 432 1275 Parthorum
449 1244 653 1289 quoque
675 1243 792 1274 con-

112 1311 196 1356 tra
250 1325 441 1356 nomen
499 1309 795 1356 Romamun

114 1390 304 1451 gloriae
333 1391 524 1449 favent,
557 1390 793 1437 dictitare

115 1471 296 1531 solent,
351 1488 417 1519 ne
468 1472 795 1519 maiestatem

114 1553 346 1601 nominis
462 1572 464 1575 ’
488 1553 790 1611 Alexandri,

116 1651 270 1697 quem
304 1652 370 1682 ne
405 1635 542 1682 fama
568 1635 776 1696 quidem
813 1634 920 1681 illis
959 1636 1144 1681 notum
1178 1633 1403 1680 arbitror
1435 1633 1608 1692 fuisse,

117 1717 372 1765 sustinere
408 1734 513 1764 non
543 1716 766 1778 potuerit
801 1716 1023 1777 populus
1047 1716 1327 1774 Romanus,
1357 1718 1406 1762 et
1434 1715 1611 1762 adver·
1643 1731 1661 1768 7

115 1815 205 1845 sus
245 1815 399 1860 quem
436 1797 678 1857 Athenis,
721 1797 776 1844 in
815 1797 1025 1845 civitate
1068 1797 1232 1845 fracta
1274 1797 1615 1845 Macedonum

116 1879 289 1939 armis,
314 1882 556 1927 cernente
573 1881 688 1926 tum
706 1878 933 1925 maxime
953 1895 1111 1941 prope
1131 1877 1397 1925 fumantes
1415 1877 1612 1925 Theba-

118 1977 235 2008 rum
259 1961 451 2021 ruinas,
481 1959 769 2007 contionari
793 1959 955 2006 libere
979 1959 1093 2007 ausi
1118 1960 1244 2006 sunt
1266 1958 1519 2018 homines,
1544 1959 1616 2021 (id

118 2043 256 2105 quod
301 2059 366 2090 ex
411 2041 769 2090 monumentis
811 2040 1106 2087 orationum
1154 2040 1327 2101 patet),
1372 2040 1617 2087 adversus

118 2141 236 2172 eum
294 2140 447 2171 nemo
506 2140 570 2170 ex
629 2124 706 2169 tot
768 2121 1066 2184 proceribus
1124 2122 1378 2168 Romanis
1436 2138 1615 2169 vocem

118 2206 331 2253 liberam
369 2205 628 2253 missurus
669 2203 873 2251 fuerit?

968 1535 1220 1568 Anfixtxxmssn
1248 1545 1327 1567 Tur:
1354 1534 1506 1570 (ἦα-ΛΤ.

124 2343 412 2396 Compccrison
434 2343 489 2395 of
502 2342 613 2394 qood
630 2341 830 2394 fortune.
894 2341 1155 2381 Aleaeauder
1178 2353 1265 2380 eea-s·
1293 2341 1395 2393 only
1417 2353 1496 2382 one
1525 2340 1617 2380 αηᾱ

233 2414 408 2455 youny:
440 2400 574 2441 Rome
602 2412 689 2440 teas
716 2413 852 2452 many
881 2399 975 2440 ancl
1002 2399 1056 2452 of
1077 2412 1215 2451 ‘neany
1242 2399 1470 2440 centem-ies.
1540 2398 1583 2439 Y
1579 2403 1618 2440 et

231 2460 365 2502 Rome
393 2459 484 2500 had
515 2459 617 2500 been
645 2458 842 2511 defeated
874 2458 923 2497 in
953 2470 1007 2499 no
1039 2471 1140 2506 war,
1176 2457 1269 2497 and
1303 2470 1436 2508 »tany
1464 2457 1519 2510 of
1541 2457 1620 2498 her

233 2518 536 2560 commamlers
559 2529 686 2558 never
705 2516 784 2558 lost
806 2529 835 2557 a
855 2515 998 2557 battle.

186 2607 520 2668 Quantalibet
598 2606 902 2669 magnitudo
980 2605 1211 2653 hominis
1295 2604 1617 2666 concipiatur
1640 2617 1661 2653 S
