1779 2897
172 122 244 193 96
649 136 818 193 LIVY,
876 136 1057 178 BOOK
1109 138 1178 180 IX

333 247 390 286 iv.
408 248 434 284 8
464 249 642 296 quando
662 261 743 287 nec
757 278 768 288 .
788 279 796 288 .
814 279 824 288 .
847 251 983 288 clausi
1003 253 1148 289 essent
1166 253 1210 289 et
1229 263 1458 301 erumpere
1475 283 1483 291 .
1500 280 1510 290 .
1526 282 1536 293 .
1556 265 1651 302 pos-

388 303 502 340 sent.

334 369 375 394 v.
396 357 423 393 6
453 368 639 404 quorum
665 358 916 396 temeritate
937 387 946 397 .
969 387 979 397 .
997 387 1006 396 .
1029 358 1210 396 deducti
1236 361 1382 397 essent
1404 359 1557 409 (thouqh
1575 364 1652 399 also

387 413 592 455 dependent
612 423 660 447 on
678 415 833 448 another
851 414 1081 458 subjunctive
1101 412 1258 463 clause).

172 465 421 502 Indefinite
442 477 451 501 :
479 464 539 501 vi.
561 476 586 499 2
613 464 835 502 vulnerati
863 465 1043 513 quidam
1064 495 1072 504 .
1094 496 1103 504 .
1125 497 1133 504 .
1156 467 1194 504 si
1213 467 1367 505 vultus
1392 479 1544 505 eorum
1563 469 1650 506 vic-

384 519 529 555 torem
549 517 811 557 offendisset.

330 572 417 609 xix.
443 572 468 607 8
488 571 632 608 facilis
651 573 863 620 partienti
885 585 1161 621 quacumque
1182 586 1288 623 opus
1307 577 1432 613 esset.

169 628 494 665 Conditional:
527 624 748 675 (z'rreqzdar)
770 625 895 662 xviii.
908 639 932 662 2
954 628 990 664 si
1011 639 1064 664 ex
1081 627 1242 665 habitu
1261 657 1270 666 .
1288 658 1298 667 .
1316 658 1325 667 .
1347 630 1569 678 spectetur
1581 658 1592 669 .
1612 659 1620 668 .
1636 659 1646 668 .

384 680 434 716 in
454 678 636 716 Italiam
655 679 862 717 venisset.

277 736 463 779 Apoclosis
501 735 657 777 implied
672 746 684 770 .·
731 733 794 769 iii.
830 745 874 770 11
927 734 1049 782 quid,
1091 736 1127 772 si
1175 736 1322 773 media
1359 737 1431 774 via
1474 737 1650 774 consilii

383 788 610 835 caperetur
626 787 646 823 ἰ)

328 840 451 878 xviii.
475 850 499 886 5
519 839 641 888 quid,
663 839 700 878 si
719 840 816 877 Vini
835 852 959 878 amor
977 841 1024 878 in
1046 841 1140 879 dies
1160 842 1283 881 fieret
1302 844 1477 881 acrior?

329 894 435 931 xvii.
460 905 508 941 19
539 895 748 931 secuntur
776 894 874 943 viri,
909 895 944 932 si
975 895 1195 933 Punicum
1226 897 1422 935 Romano
1450 909 1648 946 praever-

384 948 511 985 tisset
540 947 667 985 bello.

327 1002 416 1040 xvi.
443 1013 492 1050 19
522 1002 632 1049 quin
661 1014 762 1040 eum
791 1014 942 1052 parem
965 1003 1191 1042 destinant
1217 1004 1471 1042 Alexandro
1493 1005 1648 1043 ducem

382 1056 420 1093 si
449 1067 569 1093 arma
600 1057 648 1092 in
678 1056 900 1105 Europam
928 1059 1145 1096 vertisset.

274 1113 442 1147 Protasz's
460 1113 616 1155 implied
634 1124 645 1147 :
676 1111 721 1147 ii.
747 1121 794 1158 15
814 1111 870 1148 ad
891 1111 1089 1149 eonsules
1109 1124 1164 1149 ne
1185 1111 1448 1150 advocantes
1469 1112 1647 1160 quidem

383 1164 431 1201 in
451 1163 698 1211 consilium,
722 1164 900 1212 quando
922 1177 1001 1202 neo
1028 1166 1211 1203 oonsilio
1234 1177 1315 1203 neo
1339 1166 1504 1203 auxilio
1528 1166 1648 1204 locus

382 1220 508 1264 esset,
533 1230 609 1254 sua
631 1220 785 1266 sponte
806 1219 937 1267 legati
955 1231 1004 1256 ac
1024 1219 1196 1257 tribuni
1217 1220 1498 1257 conveniunt.

332 1281 368 1309 v.
388 1284 412 1319 3
434 1284 524 1308 non
541 1271 712 1309 foedere
731 1283 818 1320 pax
834 1272 1033 1310 Caudina
1049 1273 1125 1311 sed
1145 1286 1223 1322 per
1238 1274 1517 1322 sponsionem
1533 1274 1648 1311 facta

382 1328 461 1362 est.
520 1325 634 1373 Quid
653 1326 773 1363 enim
795 1327 1077 1375 sponsoribus
1097 1328 1147 1364 in
1167 1327 1340 1365 foedere
1363 1339 1470 1377 opus
1488 1328 1600 1365 esset
1613 1329 1633 1365 ἱ)

329 1380 422 1416 viii.
448 1392 471 1426 4
493 1391 603 1427 quae
623 1391 713 1416 non
734 1379 998 1417 difficillima
1017 1383 1141 1419 esset.

326 1433 449 1470 xviii.
474 1445 520 1469 12
542 1435 648 1481 quot
669 1433 888 1471 Romanos
909 1434 1040 1472 duces
1059 1436 1323 1473 nominem?

327 1488 416 1524 xix.
437 1488 463 1523 6
492 1487 603 1524 adde
633 1487 752 1535 quod
782 1487 992 1525 Romanis
1025 1488 1080 1526 ad
1108 1500 1293 1526 manum
1327 1486 1446 1526 domi
1477 1488 1645 1537 supple-

381 1543 583 1578 mentum
604 1542 728 1588 esset,
747 1541 1022 1580 Alexand1·o.'
1041 1571 1050 1580 .
1064 1571 1074 1580 .
1094 1543 1311 1580 exercitus
1331 1542 1643 1581 consenuisset.

327 1594 384 1631 ix.
412 1607 459 1643 14
478 1607 619 1643 neque
640 1607 715 1632 vos
735 1595 950 1633 tulissetis
969 1607 1050 1633 nee
1069 1608 1149 1634 nos
1169 1596 1566 1645 spopondissemus.

173 1651 271 1686 With
299 1651 410 1693 qui:
440 1650 601 1695 (qeneric
628 1661 668 1686 or
696 1649 934 1699 consecutive)
965 1651 994 1687 i.
1015 1663 1041 1698 9
1070 1650 1117 1687 in
1145 1663 1216 1688 eos
1241 1650 1402 1698 quibus
1428 1661 1518 1687 non
1543 1662 1646 1687 suae

380 1702 577 1740 redditae
608 1715 677 1740 res
697 1731 707 1740 .
732 1732 742 1741 .
766 1731 776 1740 .
800 1704 907 1741 satis
941 1704 1031 1741 sint
1062 1703 1157 1754 (also
1185 1707 1391 1750 dependent
1417 1716 1465 1741 on
1493 1707 1647 1741 another

378 1757 639 1804 subjunctive).

328 1811 385 1847 iv.
412 1822 454 1846 11
480 1810 587 1858 quid
607 1810 774 1848 habent
795 1810 911 1859 quod
931 1812 1072 1848 morte
1093 1824 1172 1849 sua
1193 1813 1370 1849 servent
1387 1813 1407 1848 ⁶?

327 1866 411 1902 xvi.
441 1877 489 1912 19
518 1876 648 1901 nemo
686 1877 802 1902 unus
839 1867 933 1902 erat
972 1865 1051 1913 vir,
1085 1877 1169 1913 quo
1208 1867 1347 1914 magis
1384 1865 1543 1903 innixa
1577 1877 1645 1903 res

381 1918 578 1956 Romana
607 1920 751 1957 staret.

329 1974 385 2010 ix.
405 1985 429 2019 4
454 1973 626 2010 iniussu
646 1973 798 2022 populi
818 1985 927 2021 nego
947 1973 1183 2020 quicquam
1203 1973 1368 2011 sanciri
1388 1985 1512 2022 posse
1529 1973 1645 2022 quod

381 2027 595 2074 populum
622 2028 783 2065 teneat.

328 2080 391 2117 iii.
417 2091 463 2115 12
484 2092 532 2117 ea
549 2082 615 2117 est
630 2080 825 2118 Romana
841 2093 948 2129 gens
965 2092 1076 2129 quae
1089 2081 1207 2118 victa
1223 2081 1445 2129 quiescere
1462 2081 1641 2119 nesciat.

277 2134 416 2184 (final)
437 2147 476 2171 v.
502 2144 525 2181 5
565 2134 735 2172 obsides
773 2135 976 2183 imperati
1018 2136 1122 2172 sunt
1161 2135 1239 2183 qui
1277 2135 1418 2183 capite
1450 2135 1638 2183 luerent,

380 2189 417 2225 si
446 2189 572 2236 pacto
601 2201 692 2226 non
721 2190 922 2226 staretur.

330 2243 384 2278 iv.
406 2255 430 2278 2
450 2242 613 2290 legatos
636 2243 825 2280 mittunt
846 2243 922 2290 qui
941 2254 1094 2291 paoem
1115 2254 1299 2291 aequam
1319 2244 1534 2291 peterent.

172 2298 267 2332 With
286 2308 397 2340 quo:
428 2299 525 2342 gand
545 2298 809 2346 comparative)
830 2297 953 2335 xviii.
973 2309 1019 2343 13
1050 2298 1094 2333 et
1120 2308 1205 2345 quo
1230 2298 1321 2334 sint
1349 2295 1643 2334 mirabiliores

380 2361 512 2398 quam
533 2350 786 2388 Alexander
806 2378 815 2388 .
837 2379 846 2388 .
869 2379 878 2388 .
899 2362 1028 2387 nemo
1055 2350 1154 2399 plus
1183 2362 1314 2398 quam
1346 2362 1516 2388 annum
1543 2363 1642 2388 con-

379 2403 574 2441 sulatum
595 2404 726 2452 gessit
749 2407 864 2452 (more
883 2407 1106 2441 consecutive
1130 2408 1224 2441 than
1240 2404 1373 2454 final).

276 2458 339 2505 {no
359 2461 623 2505 comparative)
645 2469 683 2495 x.
710 2469 735 2505 9
755 2470 839 2506 quo
866 2456 1054 2506 populus
1082 2457 1306 2495 Romanus
1332 2458 1492 2495 scelere
1518 2458 1641 2506 inpio

325 2511 382 2548 sit
401 2512 581 2558 solutus,
604 2511 731 2549 hosce
750 2511 954 2549 homines
972 2511 1097 2549 vobis
1116 2511 1239 2549 dedo.

170 2566 271 2600 With
304 2567 550 2608 quominus
568 2579 577 2602 ε
620 2578 658 2603 v.
681 2577 705 2613 3
743 2577 820 2614 per
849 2577 981 2614 quem
1013 2565 1225 2614 populum
1255 2564 1334 2603 fiat
1367 2577 1454 2613 quo
1492 2565 1640 2603 minus

379 2617 547 2667 legibus
567 2618 699 2657 dictis
720 2620 870 2657 stetur.
