1779 2897
563 125 689 166 LIB.
728 125 812 166 IX.
886 124 1027 166 CAP.
1070 125 1208 165 XVII
1570 130 1638 184 53

143 241 404 300 aetatium,
435 241 521 287 sed
544 240 683 301 ipsos
712 257 809 300 eos,
840 256 960 286 cum
992 240 1182 301 quibus
1215 240 1518 286 consulibus
1551 243 1639 287 aut

143 321 482 370 dictatoribus
499 321 797 369 Alexandro
822 321 923 368 fuit
946 321 1259 381 bellandum,
1283 321 1350 369 M.
1368 321 1639 369 Valerium
1662 333 1684 370 S

143 403 380 463 Corvum,
428 404 479 452 O.
524 403 777 451 Marcium
821 403 1079 463 Rutilum,
1126 404 1179 452 G.
1227 402 1532 464 Sulpicium,
1578 404 1633 451 T.

141 485 395 532 Manlium
454 486 784 547 Torquatum,
853 485 908 545 Q.
975 485 1269 532 Publilium
1339 485 1634 544 Philonem,

140 566 200 614 L.
251 566 525 627 Papirium
585 567 870 626 Cursorem,
939 566 993 626 Q.
1055 566 1273 613 Fabium
1328 566 1632 625 Maximum,

141 647 269 695 duos
293 648 491 707 Decios,
515 648 571 696 L.
584 647 942 707 Volumnium,
967 647 1050 696 Μ’.
1078 648 1294 696 Curium
1312 649 1337 695 Ῥ
1397 648 1639 709 deinceps
1661 661 1685 701 9

140 730 378 791 ingentes
414 732 657 778 secuntur
692 730 808 790 viri,
852 731 896 777 si
933 729 1193 777 Punicum
1230 731 1466 777 Romano
1502 746 1639 792 prae-

138 813 380 860 vertisset
424 812 621 860 bellum
669 813 938 874 seniorque
986 812 1043 859 in
1083 812 1295 860 Italiam
1336 812 1634 861 traiecisset.

138 894 327 941 horum
368 894 426 941 in
468 894 698 956 quolibet
747 911 865 941 cum
918 894 1120 942 indoles
1171 894 1365 954 eadem,
1415 911 1542 956 quae
1579 895 1638 942 in
1665 912 1715 939 10

138 975 449 1036 Alexandro,
491 978 597 1023 erat
635 977 801 1023 animi
844 975 1159 1038 ingeniique,
1203 978 1319 1023 tum
1362 975 1639 1037 disciplina

138 1057 385 1105 militaris
436 1058 542 1105 iam
594 1057 715 1105 inde
766 1057 829 1105 ab
884 1057 1055 1104 initiis
1108 1057 1254 1104 urbis
1309 1057 1500 1105 tradita
1547 1074 1639 1119 per

137 1155 326 1187 manus
384 1139 440 1186 in
500 1139 627 1186 artis
685 1138 974 1201 perpetuis,
1013 1139 1298 1200 praeceptis
1369 1139 1637 1186 ordinatae

139 1221 352 1269 modum
367 1224 593 1269 venerat.
649 1221 724 1268 ita
742 1237 886 1283 reges
904 1223 1169 1284 gesserant
1187 1220 1335 1280 bella,
1361 1220 1435 1267 ita
1451 1220 1635 1268 deinde
1664 1239 1710 1265 11

137 1305 399 1350 exactores
457 1318 637 1363 regum
697 1302 842 1349 Iunii
890 1301 1203 1363 Valeriique,
1262 1302 1337 1349 ita
1395 1301 1638 1364 deinceps

138 1371 287 1431 Fabii
312 1383 544 1443 Quinctii
574 1383 818 1442 Cornelii,
857 1383 931 1429 ita
955 1381 1144 1430 Furius
1178 1382 1440 1442 Camillus,
1480 1377 1636 1444 quem

137 1463 352 1526 iuvenes
373 1465 428 1525 ii,
452 1464 640 1527 quibus
665 1481 784 1512 cum
802 1463 1102 1513 Alexandro
1127 1464 1485 1513 dimicandum
1507 1468 1630 1524 erat,

138 1534 315 1615 senem
339 1547 590 1595 viderant.

136 1732 397 1774 Aleoeander
413 1734 646 1787 compared
662 1733 765 1774 with
788 1734 954 1774 certain
969 1733 1167 1774 Romans
1187 1734 1232 1773 in
1256 1733 1415 1785 merely
1427 1733 1635 1786 solclierly

253 1792 484 1844 qualitie8;
518 1793 620 1832 with
642 1792 711 1833 the
732 1798 879 1833 senate
904 1793 945 1832 in
968 1793 1079 1844 qood
1095 1792 1382 1844 jndyement,·
1415 1792 1507 1832 ancl
1528 1792 1635 1832 with

254 1851 426 1892 Roman
448 1853 614 1905 Officers
639 1851 687 1891 in
710 1852 925 1903 ordinary
946 1851 1089 1891 (Izctz'es
1111 1851 1165 1903 of
1178 1851 1493 1891 commcmclers.
1547 1850 1634 1892 The

253 1909 483 1961 differenee
506 1910 690 1950 between
712 1909 781 1950 his
801 1910 974 1950 Ase‘cctz'c
997 1909 1089 1949 ancl
1113 1909 1281 1949 Italian
1304 1913 1561 1961 opponent-5.

203 2029 454 2077 Militaria
495 2045 645 2091 opera
686 2030 966 2091 pugnando
1010 2029 1225 2093 obeunti
1264 2029 1632 2080 Alexandro÷
1661 2039 1704 2066 12

136 2127 259 2158 nam
282 2127 339 2158 ea
364 2127 565 2173 quoque
599 2111 738 2158 haud
771 2109 949 2158 minus
982 2111 1179 2158 clarum
1212 2126 1331 2157 eum
1364 2110 1632 2158 faciunt—

135 2192 370 2240 cessisset
423 2192 666 2240 videlicet
716 2193 776 2239 ‘in
835 2193 939 2240 acie
996 2192 1199 2240 oblatus
1254 2208 1347 2254 par
1399 2192 1631 2240 Manlius

135 2274 424 2336 Torquatus
489 2276 577 2337 aut
630 2273 870 2321 Valerius
931 2274 1140 2333 Corvus,
1207 2274 1440 2335 insignes
1509 2277 1628 2321 ante

135 2354 332 2402 milites
373 2372 527 2418 quam
571 2356 737 2414 duces,
781 2355 1054 2403 cessissent
1093 2355 1241 2402 Decii
1285 2355 1484 2402 devotis
1527 2371 1629 2401 cor·
1656 2373 1705 2410 13

134 2436 345 2497 poribus
369 2436 426 2484 in
444 2437 649 2484 hostem
676 2439 896 2494 ruentes,
921 2436 1157 2484 cessisset
1177 2436 1423 2497 Papirius
1438 2437 1630 2485 Cursor

135 2517 226 2565 illo
255 2518 484 2580 corporis
517 2519 711 2577 robore,
742 2518 834 2565 illo
868 2518 1064 2566 animi!
1134 2517 1305 2590 victus
1340 2519 1476 2566 esset
1511 2534 1627 2566 con·
1656 2540 1703 2578 14

134 2598 268 2646 siliis
299 2599 505 2648 iuvenis
536 2600 707 2666 unius,
743 2616 806 2663 ne
841 2599 1077 2661 singulos
1108 2600 1388 2659 nominem,
1420 2602 1627 2648 senatus
