1779 2897
552 119 680 162 ΜΒ.
723 120 805 161 IX.
876 121 1014 162 CAP.
1056 120 1121 160 1v
1520 127 1583 180 19

89 234 382 283 Romamun
424 252 478 282 ac
520 235 808 283 Samnitem
856 252 1016 296 aequo
1060 236 1262 283 foedere
1304 235 1575 283 victurum.

87 314 171 363 his
206 316 593 364 condicionibus
616 318 852 378 paratum
877 332 932 364 se
965 333 1073 364 esse
1106 317 1286 364 foedus
1318 332 1435 363 cum
1472 333 1625 370 con-,²

88 397 287 446 sulibus
331 398 514 458 ferire3
567 397 611 446 si
653 398 776 461 quid
833 415 1008 446 eorum
1063 398 1343 460 displiceat,
1390 398 1584 461 legatos

88 480 254 528 redire
276 480 341 528 ad
360 496 414 528 se
430 482 617 528 vetuit.
671 480 795 528 haec
820 497 937 527 cum
962 480 1150 541 legatio
1176 479 1577 540 renuntiaretur,
1609 494 1631 529 0

86 562 264 609 tantus
288 561 512 623 gemitus
537 562 773 609 omnium
799 561 969 610 subito
1000 564 1209 609 exortus
1234 563 1311 608 est
1335 563 1583 624 tantaque

85 642 344 691 maestitia
384 643 611 703 incessit,
654 645 711 691 ut
753 660 858 690 non
900 642 1108 705 gravius
1150 642 1408 705 accepturi
1442 643 1582 691 vide-

89 726 282 786 rentur,
335 725 380 773 si
425 725 756 773 nuntiaretur
805 724 1047 773 omnibus
1094 741 1153 772 eo
1201 724 1309 772 1000
1358 727 1582 773 mortem

88 807 427 868 oppetendam
464 823 585 856 esse.

91 943 278 986 Coetus-el
318 945 372 996 of
403 944 635 985 Lentulus.
697 943 787 985 His
817 944 986 997 father,
1031 944 1081 985 he
1121 958 1233 998 says.
1278 944 1368 986 had
1409 945 1585 986 ach-ised

206 1016 234 1044 (ι
269 1003 384 1056 sully
418 1004 546 1056 from
593 1002 660 1043 the
701 1002 878 1056 Capitol
925 1016 1038 1057 upon
1080 1003 1149 1044 the
1190 1003 1358 1055 Gauls,·
1408 1004 1500 1045 and
1534 1003 1586 1044 he.

206 1061 351 1102 would
395 1062 543 1102 ade-ise
580 1061 779 1114 flyhte'ny
824 1075 934 1112 orote,
982 1075 1090 1102 were
1135 1063 1172 1102 it
1218 1075 1307 1114 any
1352 1075 1459 1114 *use-,⁰
1510 1062 1587 1103 but

206 1119 323 1161 their
358 1119 501 1170 death,
535 1119 696 1172 thoaeeyh
729 1119 1009 1169 honourable,
1050 1120 1194 1162 would
1230 1121 1344 1162 leave
1386 1121 1458 1161 the
1500 1122 1586 1172 city]

205 1177 443 1231 absolutely
488 1178 768 1231 defeneeless:
816 1178 914 1231 they
956 1183 1071 1219 must
1118 1179 1243 1219 make
1287 1193 1315 1220 α
1358 1181 1498 1220 virtue
1541 1182 1595 1232 (ψ’

206 1237 427 1290 necessity,
474 1237 568 1277 and
618 1248 797 1277 ransom
849 1236 964 1277 their
1012 1242 1199 1291 country
1245 1237 1298 1291 bg]
1348 1238 1589 1279 snm-ende»-

205 1296 261 1348 of
281 1295 397 1337 their
424 1308 559 1337 arms.

157 1382 286 1429 Cmn
339 1381 428 1429 diu
483 1381 747 1430 silentium
802 1382 995 1442 fuisset,
1055 1399 1146 1429 nec
1202 1382 1436 1430 consules
1496 1386 1632 1431 aut?

87 1478 178 1523 pro
210 1462 412 1510 foedere
436 1465 546 1510 tam
576 1462 718 1525 turpi
749 1465 837 1511 aut
872 1466 1050 1510 contra
1074 1462 1253 1511 foedus
1277 1466 1386 1511 tam
1418 1480 1584 1512 neces-

87 1542 275 1592 sarium
310 1544 506 1592 hiscere
543 1548 765 1606 possent,
803 1547 919 1592 tum
951 1544 1007 1592 L.
1047 1545 1314 1600 Lentulus,
1348 1545 1437 1608 qui
1468 1548 1583 1594 tum

87 1624 324 1687 princeps
365 1626 654 1688 legatorum
689 1627 881 1674 virtute
920 1628 1072 1688 atque
1115 1626 1401 1675 honoribus
1443 1629 1580 1675 erat:

93 1706 322 1768 ‘patrem
369 1707 583 1765 meum,'
634 1706 819 1769 inquit,
874 1707 1148 1767 ‘consules,
1206 1725 1353 1770 saepe
1411 1708 1587 1757 audivi
1613 1720 1634 1755 S

86 1791 463 1837 memorantem
517 1805 571 1836 se
624 1789 680 1836 in
734 1789 986 1851 Capitolio
1045 1807 1210 1838 unum
1263 1807 1369 1838 non
1421 1791 1581 1840 fuisse

86 1871 348 1918 auctorem
372 1870 574 1919 senatui
593 1871 922 1919 redimendae
946 1887 1070 1919 auro
1094 1887 1124 1919 a
1144 1871 1308 1920 Gallis
1335 1872 1577 1934 civitat-is,

88 1952 293 2012 quando
318 1969 411 2000 nec
435 1951 571 2000 fossa
593 1952 830 2015 valloque
864 1952 929 2000 ab
962 1952 1298 2016 ignavissimo
1334 1954 1399 2002 ad
1432 1971 1588 2017 opera

88 2048 146 2080 ac
190 2033 536 2082 muniendum
583 2034 730 2082 hoste
779 2033 940 2082 clausi
978 2038 1152 2083 essent
1196 2037 1246 2082 et
1294 2052 1581 2098 erumpere,

89 2114 134 2161 si
185 2131 289 2162 non
337 2115 460 2169 ‚sine
518 2132 709 2177 magno
769 2115 994 2176 periculo
1046 2118 1224 2164 tamen
1278 2116 1389 2164 sine
1451 2120 1588 2166 certa

89 2196 325 2258 pernicie,
365 2200 589 2259 possent.
685 2197 818 2259 quod
859 2197 917 2257 si,
964 2197 1072 2245 illis
1113 2200 1171 2246 ut
1213 2199 1481 2247 decurrere
1521 2215 1585 2247 ex
1611 2221 1633 2259 9

88 2277 342 2339 Capitolio
367 2279 579 2326 armatis
607 2278 662 2325 in
696 2279 901 2327 hostem
932 2279 1080 2328 licuit
1106 2278 1232 2343 (quo
1257 2296 1405 2342 saepe
1430 2281 1583 2328 modo

88 2359 283 2408 obsessi
322 2360 378 2407 in
420 2360 715 2408 obsidentes
754 2360 1074 2424 eruperunt),
1117 2361 1191 2408 ita
1233 2362 1382 2409 nobis
1423 2378 1583 2424 aequo

87 2443 175 2488 aut
207 2441 386 2504 iniquo
423 2441 532 2488 loco
565 2441 846 2489 dimicandi
876 2443 1242 2490 tantummodo
1280 2459 1396 2489 cum
1433 2443 1581 2490 hoste

89 2522 233 2583 copia
283 2526 432 2583 esset,
485 2540 592 2571 non
640 2522 773 2570 mihi
818 2524 1022 2585 paterni
1069 2524 1232 2571 animi
1279 2523 1479 2572 indoles
1527 2524 1581 2571 in

89 2604 302 2652 consilio
369 2605 536 2653 dando
598 2605 807 2653 deesset.
907 2606 1145 2667 equidem
1207 2608 1427 2653 mortem
1488 2623 1581 2668 pro
1613 2624 1658 2650 ιο

798 2701 823 2733 c
854 2703 875 2732 2
