1779 2897
199 140 272 210 36
782 150 916 191 TITI
970 149 1102 190 L1V1

152 277 176 315 6
267 266 334 313 In
374 265 581 313 civitate
624 266 701 312 ira
743 265 958 326 odioque
1008 265 1219 311 ardente
1268 261 1486 309 dilectus
1525 278 1683 322 prope

200 347 435 395 omnium
463 346 877 394 voluntariorum
909 345 1020 392 fuit.
1098 344 1371 405 rescriptae
1409 360 1471 390 ex
1506 343 1684 390 eodem

198 428 367 476 milite
425 444 588 476 novae
655 427 895 489 legiones,
960 427 1241 487 ductusque
1310 425 1371 472 ad
1432 424 1685 473 Caudium

158 520 177 561 7
199 509 465 557 exereitus.
525 509 811 571 praegressi
829 508 1029 556 fetiales
1053 509 1144 555 ubi
1167 508 1230 554 ad
1256 509 1460 568 portam
1477 522 1680 565 venere,

200 592 395 638 vestem
438 590 640 638 detrahi
691 590 829 652 pacis
882 589 1215 650 sponsoribus
1262 587 1455 647 iubent,
1501 602 1687 634 manus

201 673 316 732 post
367 674 572 734 tergum
613 671 814 719 vinciri.
906 687 1022 717 cum
1076 669 1338 730 apparitor
1378 667 1687 715 verecundia

201 752 485 800 maiestatis
509 751 748 799 Postumi
778 752 892 799 laxe
916 751 1162 798 vinciret:
1205 749 1360 811 ‘quin
1393 751 1450 796 tu
1469 749 1479 767 '
1517 748 1686 809 inquit

157 842 178 878 8
208 833 443 880 ‘adducis
466 833 656 892 lorum,
682 835 738 879 ut
771 832 906 880 iusta
937 833 1027 879 fiat-
1059 830 1309 879 deditio?’
1379 832 1494 877 tum
1518 828 1608 877 ubi
1632 828 1687 875 in

202 916 404 962 coetum
448 913 761 961 Samnitium
809 916 858 960 et
900 914 963 961 ad
1006 912 1234 960 tribunal
1274 913 1491 958 ventum
1532 910 1688 971 Ponti

203 997 292 1054 est,
336 995 404 1043 A.
442 994 710 1043 Cornelius
749 995 950 1042 Arvina
991 994 1179 1042 fetialis
1225 993 1297 1040 ita
1337 992 1495 1040 verba
1535 990 1687 1039 feeit:

158 1093 181 1130 9
209 1078 219 1098 ‘'
238 1076 539 1138 quandoque
574 1076 715 1123 hisee
749 1076 989 1123 homines
1024 1075 1225 1122 iniussu
1257 1074 1434 1135 populi
1466 1072 1689 1121 Romani

206 1157 487 1217 Quiritium
538 1157 718 1204 foedus
771 1156 933 1204 ictum
986 1155 1052 1202 iri
1106 1155 1493 1216 spoponderunt
1538 1155 1689 1215 atque

206 1238 270 1286 ob
313 1255 425 1286 eam
466 1255 575 1285 rem
611 1228 798 1285 noxam
834 1239 1136 1296 nocuerunt,
1179 1237 1242 1283 ob
1277 1252 1390 1283 eam
1428 1252 1550 1294 rem,
1591 1250 1690 1296 quo

204 1320 425 1381 populus
460 1319 728 1366 Romanus
770 1319 956 1366 scelere
999 1317 1142 1378 inpio
1184 1317 1252 1364 sit
1288 1317 1499 1375 solutuS‚
1539 1316 1690 1363 hosce

135 1422 183 1448 10
204 1400 445 1448 homines
462 1399 610 1447 vobis
635 1400 795 1447 dedo?
848 1399 971 1447 haec
998 1397 1189 1446 dicenti
1213 1397 1375 1445 fetiali
1394 1395 1692 1444 Postumius

207 1498 340 1543 genu
373 1481 542 1527 femur
578 1483 768 1542 quanta
805 1480 1027 1527 maxime
1063 1481 1265 1540 poterat
1295 1478 1345 1525 vi
1382 1477 1613 1540 perculit,
1643 1478 1693 1524 et-

208 1561 343 1608 clara
388 1577 510 1608 voce
563 1561 635 1608 ait
687 1577 740 1608 se
795 1561 1083 1608 Samnitem
1142 1559 1307 1607 civem
1366 1576 1488 1618 esse,
1540 1557 1691 1605 illum

207 1642 435 1704 legatum
459 1642 688 1689 fetialem
713 1659 742 1690 a
766 1659 818 1689 se
845 1645 1024 1689 contra
1048 1641 1129 1689 ius
1158 1640 1392 1703 gentium
1415 1640 1691 1689 violatum:

210 1741 266 1772 eo
291 1724 480 1772 iustius
503 1724 699 1771 bellum
723 1727 969 1786 gesturos.

912 1938 992 1985 XI

211 2063 396 2105 Pontius
426 2064 592 2115 refuses
624 2067 663 2103 to
696 2063 850 2102 receive]
882 2061 1024 2112 them;
1058 2061 1271 2101 demands
1297 2071 1430 2112 peace
1461 2070 1513 2099 or
1539 2062 1693 2098 return

328 2127 368 2162 to
400 2121 468 2162 the
493 2119 657 2161 ‘status
687 2133 767 2173 qno
800 2119 923 2160 (θῆρ’
948 2124 994 2160 at
1030 2119 1263 2160 Caudium.
1324 2118 1473 2168 Rome,
1497 2116 1548 2157 he
1577 2129 1690 2169 says,

328 2193 456 2220 never
483 2179 610 2232 keeps
629 2179 755 2231 saith
787 2179 910 2219 when»
940 2178 1189 2231 conquerecl.

170 2314 183 2338 1
280 2291 411 2338 Tum
449 2289 693 2336 Pontius:
736 2291 856 2335 ‘nee
896 2305 989 2350 ego
1031 2287 1183 2334 istam
1224 2285 1540 2333 deditionem
1574 2283 1694 2332 aeci-

170 2388 186 2413 2
214 2371 352 2432 piam
373 2372 384 2390 '
403 2371 587 2431 inquit,
612 2372 622 2392 ⁴
640 2387 732 2416 nec
759 2369 1020 2417 Samnites
1047 2369 1210 2415 ratam
1234 2366 1510 2413 habebunt.
1569 2364 1694 2427 quin

214 2455 284 2512 tu,
315 2451 469 2512 Spuri
501 2450 753 2509 Postumi,
792 2450 838 2497 si
871 2451 992 2497 deos
1027 2465 1135 2496 esse
1171 2464 1359 2506 censes,
1397 2449 1485 2494 aut
1523 2445 1696 2494 omnia

214 2532 372 2580 inrita
394 2532 517 2579 facis
544 2534 630 2578 aut
657 2534 801 2591 pacto
826 2532 970 2578 stas?
1041 2528 1260 2578 Samniti
1283 2527 1472 2589 populo
1497 2543 1690 2585 omnes,

217 2630 342 2676 quos
378 2613 432 2659 in
469 2615 716 2673 potestate
753 2612 944 2671 habuit,
980 2614 1068 2658 aut
1104 2627 1195 2671 pro
1231 2609 1296 2656 iis
1329 2625 1426 2671 pax
1464 2609 1688 2657 debetur.
