1779 2897
569 133 695 175 ΜΒ.
735 133 818 174 IX.
890 132 1032 174 CAP.
1076 132 1195 173 XIX
1561 138 1630 194 57

136 249 362 311 pravitas
397 248 752 312 inpedimento
787 251 875 296 aut
910 248 1100 295 damno
1133 248 1264 307 fuit;
1308 249 1443 295 male
1474 247 1632 309 gestis

137 330 291 377 rebus
333 331 545 378 alterius
588 346 879 378 successum
932 331 1044 388 est;
1098 330 1322 376 tironem
1365 332 1452 376 aut
1495 329 1631 376 mala

137 411 410 473 disciplina
467 411 771 459 institutum
829 410 1112 459 exercitum
1169 413 1488 472 acceperunt.
1579 411 1631 457 at
1658 417 1705 455 16

134 492 341 539 hercule
380 509 525 555 reges
564 509 669 540 non
711 492 863 539 liberi
902 491 1074 540 solum
1115 491 1486 553 inpedimentis
1529 507 1630 538 om·

134 573 303 633 nibus,
355 574 444 627 sed
492 574 692 621 domini
740 590 917 621 rerum
960 576 1358 635 temporumque
1408 571 1631 619 trahunt

135 655 370 703 consiliis
428 658 623 715 cuncta,
686 672 793 703 non
856 657 1120 703 secuntur.
1219 653 1450 701 invictus
1507 670 1630 715 ergo
1659 672 1706 711 17

134 735 427 784 Alexander
475 753 593 784 cum
622 733 625 735 ’
651 737 863 784 invictis
922 736 1138 784 ducibus
1191 735 1326 783 bella
1372 734 1626 797 gessisset,

134 819 184 864 et
208 817 388 866 eadem
418 818 657 865 fortunae
690 817 907 880 pignora
937 817 995 864 in
1028 817 1304 865 discrimen
1330 816 1630 875 detulisset3

70 947 77 951 ,
132 899 294 946 immo
331 899 493 946 etiam
528 916 588 947 eo
624 899 744 962 plus
778 899 996 962 periculi
1030 898 1268 958 subisset,
1300 898 1436 960 quod
1472 897 1631 946 Mace·
1657 907 1704 943 18

134 980 292 1028 dones
316 997 484 1028 unum
501 981 860 1029 Alexandrum
883 980 1199 1040 habuissent,
1220 979 1404 1027 multis
1428 980 1630 1028 casibus

133 1078 238 1109 non
291 1061 461 1109 solum
515 1061 808 1122 obnoxium,
863 1061 952 1109 sed
999 1061 1156 1109 etiam
1209 1061 1510 1109 offerentem
1556 1078 1622 1120 se,

133 1142 356 1190 Romani
397 1143 553 1190 multi
607 1143 825 1191 fuissent
866 1142 1166 1191 Alexandro
1206 1142 1290 1190 vel
1343 1142 1503 1205 gloria
1545 1143 1630 1190 vel
1659 1160 1703 1198 19

132 1240 308 1272 rerum
331 1224 691 1286 magnitudine
717 1241 875 1286 pares,
907 1241 1128 1286 quorum
1154 1240 1246 1271 suo
1279 1224 1498 1286 quisque
1522 1224 1629 1272 fato

132 1305 243 1353 sine
270 1305 475 1368 publico
501 1306 797 1354 discrimine
823 1306 1019 1354 viveret
1045 1308 1446 1367 merereturque.

819 1557 954 1605 XIX

283 1679 573 1734 Compam‘son
604 1681 658 1734 of
667 1680 830 1734 forces,
862 1681 955 1721 ancl
986 1693 1187 1733 reserves,
1221 1681 1313 1721 ancl
1344 1693 1474 1722 arms.

199 1794 397 1855 Restat,
426 1796 486 1841 ut
517 1794 687 1855 copiae
725 1794 884 1856 copiis
918 1795 1267 1856 conparentur
1289 1793 1374 1841 vel
1407 1809 1626 1840 numero
1653 1810 1669 1837 1

129 1875 212 1923 vel
251 1875 484 1923 militum
537 1892 725 1938 genere
766 1875 850 1923 vel
901 1875 1240 1922 multitudine
1296 1874 1621 1922 auxiliorum.

132 1958 478 2006 censebantur
499 1957 612 2005 eius
637 1958 821 2005 aetatis
840 1957 1020 2005 lustris
1046 1957 1243 2005 ducena
1264 1957 1626 2019 quinquagena
1653 1972 1671 1998 2

129 2039 277 2087 milia
300 2039 541 2102 capitum.
617 2039 788 2101 itaque
813 2038 869 2086 in
894 2039 1039 2087 omni
1063 2039 1347 2087 defectione
1370 2038 1624 2086 sociorum

130 2121 310 2169 Latini
332 2114 563 2168 nominis
594 2121 794 2168 urbano
827 2138 984 2183 prope
1019 2120 1210 2168 dilectu
1244 2121 1420 2168 decem
1443 2119 1628 2168 scribe-

130 2202 324 2250 bantur
346 2202 605 2264 legiones3
642 2203 884 2264 quaterni
908 2201 1156 2264 quinique
1189 2202 1445 2250 exercitus
1477 2217 1628 2263 saepe
1649 2216 1670 2253 3

131 2302 223 2346 per
245 2300 332 2332 eos
355 2301 520 2331 annos
545 2285 600 2331 in
624 2284 847 2343 Etruria,
874 2283 931 2330 in
957 2283 1179 2331 Umbria
1206 2283 1371 2331 Gallis
1392 2283 1629 2331 hostibus

131 2365 401 2426 adiunctis,
438 2364 496 2413 in
521 2365 751 2425 Samnio,
786 2364 843 2412 in
869 2364 1093 2412 Lucanis
1127 2365 1376 2428 gerebant
1410 2364 1621 2413 bellum.

132 2447 341 2495 Latium
385 2446 569 2495 deinde
616 2464 767 2495 omne
817 2463 936 2494 cum
978 2445 1188 2495 Sabinis
1232 2449 1285 2494 et
1326 2445 1530 2494 Volscis
1576 2449 1627 2494 et
1651 2463 1674 2499 4

131 2529 329 2591 Aequis
364 2531 414 2576 et
452 2528 596 2577 omni
631 2527 913 2590 Campania
947 2530 997 2576 et
1033 2530 1176 2590 parte
1199 2528 1450 2576 Umbriae
1481 2528 1628 2576 Etru-

133 2611 331 2673 riaeque
382 2615 431 2659 et
475 2610 780 2659 Picentibus
828 2613 878 2658 et
921 2610 1109 2658 Marsis
1156 2609 1523 2672 Paelignisque
1572 2626 1627 2658 ac
