<?xml version="1.0" encoding="UTF-8"?>
<!DOCTYPE html PUBLIC "-//W3C//DTD XHTML 1.0 Transitional//EN"
    "http://www.w3.org/TR/xhtml1/DTD/xhtml1-transitional.dtd">
<html xmlns="http://www.w3.org/1999/xhtml" xml:lang="en" lang="en">
 <head>
  <title>
</title>
<meta http-equiv="Content-Type" content="text/html;charset=utf-8" />
  <meta name='ocr-system' content='tesseract 3.04.00' />
  <meta name='ocr-capabilities' content='ocr_page ocr_carea ocr_par ocr_line ocrx_word'/>
</head>
<body>
  <div class='ocr_page' id='page_1' title='image "./bookixchapters1100livyuoft_0048.png"; bbox 0 0 1779 2897; ppageno 0'>
   <div class='ocr_carea' id='block_1_1' title="bbox 145 148 1044 207">
    <p class='ocr_par' dir='ltr' id='par_1_1' title="bbox 145 148 1044 207">
     <span class='ocr_line' id='line_1_1' title="bbox 145 148 1044 207; baseline 0.001 -19"><span class='ocrx_word' id='word_1_1' title='bbox 145 154 217 207; x_wconf 83' lang='lat'>30</span> <span class='ocrx_word' id='word_1_2' title='bbox 728 148 860 189; x_wconf 91' lang='lat' dir='ltr'>T1T1</span> <span class='ocrx_word' id='word_1_3' title='bbox 915 148 1044 189; x_wconf 73' lang='lat' dir='ltr'>mvl</span> 
     </span>
    </p>
   </div>
   <div class='ocr_carea' id='block_1_2' title="bbox 98 262 1630 1133">
    <p class='ocr_par' dir='ltr' id='par_1_2' title="bbox 144 262 1627 486">
     <span class='ocr_line' id='line_1_2' title="bbox 144 262 1627 325; baseline 0.001 -15"><span class='ocrx_word' id='word_1_4' title='bbox 144 262 643 325; x_wconf 78' lang='lat' dir='ltr'>necessitatiumque,</span> <span class='ocrx_word' id='word_1_5' title='bbox 682 263 993 311; x_wconf 75' lang='lat' dir='ltr'>sententiam</span> <span class='ocrx_word' id='word_1_6' title='bbox 1028 264 1087 310; x_wconf 87' lang='lat' dir='ltr'>de</span> <span class='ocrx_word' id='word_1_7' title='bbox 1124 281 1196 322; x_wconf 69' lang='lat' dir='ltr'>eo,</span> <span class='ocrx_word' id='word_1_8' title='bbox 1236 264 1296 310; x_wconf 87' lang='lat' dir='ltr'>de</span> <span class='ocrx_word' id='word_1_9' title='bbox 1333 280 1435 325; x_wconf 90' lang='lat' dir='ltr'>quo</span> <span class='ocrx_word' id='word_1_10' title='bbox 1471 266 1627 312; x_wconf 90' lang='lat' dir='ltr'>rettu-</span> 
     </span>
     <span class='ocr_line' id='line_1_3' title="bbox 144 343 1622 406; baseline 0.001 -16"><span class='ocrx_word' id='word_1_11' title='bbox 144 343 291 403; x_wconf 87' lang='lat' dir='ltr'>listis,</span> <span class='ocrx_word' id='word_1_12' title='bbox 329 343 502 405; x_wconf 79' lang='lat' dir='ltr'>paucis</span> <span class='ocrx_word' id='word_1_13' title='bbox 536 360 792 406; x_wconf 82' lang='lat' dir='ltr'>peragam.</span> <span class='ocrx_word' id='word_1_14' title='bbox 862 361 987 406; x_wconf 88' lang='lat' dir='ltr'>quae</span> <span class='ocrx_word' id='word_1_15' title='bbox 1031 344 1285 392; x_wconf 87' lang='lat' dir='ltr'>sententia</span> <span class='ocrx_word' id='word_1_16' title='bbox 1325 344 1474 392; x_wconf 85' lang='lat' dir='ltr'>testis</span> <span class='ocrx_word' id='word_1_17' title='bbox 1508 345 1622 404; x_wconf 88' lang='lat' dir='ltr'>erit,</span> 
     </span>
     <span class='ocr_line' id='line_1_4' title="bbox 144 424 1626 486; baseline 0.001 -15"><span class='ocrx_word' id='word_1_18' title='bbox 144 424 339 472; x_wconf 86' lang='lat' dir='ltr'>mihine</span> <span class='ocrx_word' id='word_1_19' title='bbox 376 441 442 472; x_wconf 93' lang='lat' dir='ltr'>an</span> <span class='ocrx_word' id='word_1_20' title='bbox 477 424 767 486; x_wconf 79' lang='lat' dir='ltr'>legionibus</span> <span class='ocrx_word' id='word_1_21' title='bbox 798 425 986 474; x_wconf 85' lang='lat' dir='ltr'>vestris</span> <span class='ocrx_word' id='word_1_22' title='bbox 1027 424 1354 486; x_wconf 79' lang='lat' dir='ltr'>pepercerim,</span> <span class='ocrx_word' id='word_1_23' title='bbox 1392 441 1509 473; x_wconf 90' lang='lat' dir='ltr'>cum</span> <span class='ocrx_word' id='word_1_24' title='bbox 1543 441 1626 472; x_wconf 91' lang='lat' dir='ltr'>me</span> 
     </span>
    </p>

    <p class='ocr_par' dir='ltr' id='par_1_3' title="bbox 99 505 1630 730">
     <span class='ocr_line' id='line_1_5' title="bbox 99 505 1628 567; baseline 0.001 -14"><span class='ocrx_word' id='word_1_25' title='bbox 99 521 121 560; x_wconf 86' lang='lat'>5</span> <span class='ocrx_word' id='word_1_26' title='bbox 145 522 234 553; x_wconf 91' lang='lat' dir='ltr'>seu</span> <span class='ocrx_word' id='word_1_27' title='bbox 269 505 410 567; x_wconf 90' lang='lat' dir='ltr'>turpi</span> <span class='ocrx_word' id='word_1_28' title='bbox 446 522 535 553; x_wconf 91' lang='lat' dir='ltr'>seu</span> <span class='ocrx_word' id='word_1_29' title='bbox 572 506 854 553; x_wconf 85' lang='lat' dir='ltr'>necessaria</span> <span class='ocrx_word' id='word_1_30' title='bbox 892 506 1164 567; x_wconf 86' lang='lat' dir='ltr'>sponsione</span> <span class='ocrx_word' id='word_1_31' title='bbox 1208 506 1493 565; x_wconf 82' lang='lat' dir='ltr'>obstrinxi3</span> <span class='ocrx_word' id='word_1_32' title='bbox 1530 522 1628 567; x_wconf 84' lang='lat' dir='ltr'>qua</span> 
     </span>
     <span class='ocr_line' id='line_1_6' title="bbox 143 587 1630 648; baseline 0 -14"><span class='ocrx_word' id='word_1_33' title='bbox 143 589 330 645; x_wconf 76' lang='lat' dir='ltr'>tamen,</span> <span class='ocrx_word' id='word_1_34' title='bbox 361 587 563 648; x_wconf 87' lang='lat' dir='ltr'>quando</span> <span class='ocrx_word' id='word_1_35' title='bbox 591 587 792 634; x_wconf 89' lang='lat' dir='ltr'>iniussu</span> <span class='ocrx_word' id='word_1_36' title='bbox 820 587 996 648; x_wconf 89' lang='lat' dir='ltr'>populi</span> <span class='ocrx_word' id='word_1_37' title='bbox 1020 587 1149 635; x_wconf 87' lang='lat' dir='ltr'>facta</span> <span class='ocrx_word' id='word_1_38' title='bbox 1172 589 1264 647; x_wconf 89' lang='lat' dir='ltr'>est,</span> <span class='ocrx_word' id='word_1_39' title='bbox 1295 603 1400 634; x_wconf 92' lang='lat' dir='ltr'>non</span> <span class='ocrx_word' id='word_1_40' title='bbox 1424 589 1630 635; x_wconf 82' lang='lat' dir='ltr'>tenetur</span> 
     </span>
     <span class='ocr_line' id='line_1_7' title="bbox 144 667 1628 730; baseline 0.001 -17"><span class='ocrx_word' id='word_1_41' title='bbox 144 667 363 728; x_wconf 90' lang='lat' dir='ltr'>populus</span> <span class='ocrx_word' id='word_1_42' title='bbox 387 668 666 727; x_wconf 87' lang='lat' dir='ltr'>Romanus,</span> <span class='ocrx_word' id='word_1_43' title='bbox 691 684 783 715; x_wconf 92' lang='lat' dir='ltr'>nec</span> <span class='ocrx_word' id='word_1_44' title='bbox 808 667 1081 730; x_wconf 88' lang='lat' dir='ltr'>quicquam</span> <span class='ocrx_word' id='word_1_45' title='bbox 1104 684 1166 715; x_wconf 81' lang='lat' dir='ltr'>ex</span> <span class='ocrx_word' id='word_1_46' title='bbox 1189 684 1247 715; x_wconf 90' lang='lat' dir='ltr'>ea</span> <span class='ocrx_word' id='word_1_47' title='bbox 1270 670 1628 730; x_wconf 74' lang='lat' dir='ltr'>praeterquam</span> 
     </span>
    </p>

    <p class='ocr_par' dir='ltr' id='par_1_4' title="bbox 98 748 1630 1133">
     <span class='ocr_line' id='line_1_8' title="bbox 98 748 1630 809; baseline 0.001 -15"><span class='ocrx_word' id='word_1_48' title='bbox 98 752 122 792; x_wconf 91' lang='lat'><strong>6</strong></span> <span class='ocrx_word' id='word_1_49' title='bbox 145 764 358 809; x_wconf 89' lang='lat' dir='ltr'>corpora</span> <span class='ocrx_word' id='word_1_50' title='bbox 416 751 592 796; x_wconf 89' lang='lat' dir='ltr'>nostra</span> <span class='ocrx_word' id='word_1_51' title='bbox 652 749 905 796; x_wconf 78' lang='lat' dir='ltr'>debentur</span> <span class='ocrx_word' id='word_1_52' title='bbox 961 748 1294 797; x_wconf 85' lang='lat' dir='ltr'>Samnitibus.</span> <span class='ocrx_word' id='word_1_53' title='bbox 1382 749 1630 797; x_wconf 87' lang='lat' dir='ltr'>dedamur</span> 
     </span>
     <span class='ocr_line' id='line_1_9' title="bbox 143 828 1628 891; baseline -0.001 -14"><span class='ocrx_word' id='word_1_54' title='bbox 143 846 236 891; x_wconf 89' lang='lat' dir='ltr'>per</span> <span class='ocrx_word' id='word_1_55' title='bbox 271 828 469 876; x_wconf 86' lang='lat' dir='ltr'>fetiales</span> <span class='ocrx_word' id='word_1_56' title='bbox 511 829 637 876; x_wconf 91' lang='lat' dir='ltr'>nudi</span> <span class='ocrx_word' id='word_1_57' title='bbox 675 829 968 891; x_wconf 83' lang='lat' dir='ltr'>vinctique3</span> <span class='ocrx_word' id='word_1_58' title='bbox 1021 830 1345 876; x_wconf 82' lang='lat' dir='ltr'>exsolvamus</span> <span class='ocrx_word' id='word_1_59' title='bbox 1385 828 1628 891; x_wconf 87' lang='lat' dir='ltr'>religione</span> 
     </span>
     <span class='ocr_line' id='line_1_10' title="bbox 144 908 1630 972; baseline 0 -16"><span class='ocrx_word' id='word_1_60' title='bbox 144 910 405 971; x_wconf 87' lang='lat' dir='ltr'>populum,</span> <span class='ocrx_word' id='word_1_61' title='bbox 469 909 514 956; x_wconf 91' lang='lat' dir='ltr'>si</span> <span class='ocrx_word' id='word_1_62' title='bbox 572 925 670 971; x_wconf 89' lang='lat' dir='ltr'>qua</span> <span class='ocrx_word' id='word_1_63' title='bbox 734 910 1090 972; x_wconf 76' lang='lat' dir='ltr'>obligavimus,</span> <span class='ocrx_word' id='word_1_64' title='bbox 1154 926 1219 957; x_wconf 91' lang='lat' dir='ltr'>ne</span> <span class='ocrx_word' id='word_1_65' title='bbox 1281 909 1403 972; x_wconf 89' lang='lat' dir='ltr'>quid</span> <span class='ocrx_word' id='word_1_66' title='bbox 1465 908 1630 958; x_wconf 85' lang='lat' dir='ltr'>divini</span> 
     </span>
     <span class='ocr_line' id='line_1_11' title="bbox 143 989 1628 1053; baseline 0.001 -17"><span class='ocrx_word' id='word_1_67' title='bbox 143 989 423 1037; x_wconf 68' lang='lat' dir='ltr'>himianive</span> <span class='ocrx_word' id='word_1_68' title='bbox 463 990 644 1049; x_wconf 81' lang='lat' dir='ltr'>obstet,</span> <span class='ocrx_word' id='word_1_69' title='bbox 686 1007 787 1052; x_wconf 92' lang='lat' dir='ltr'>quo</span> <span class='ocrx_word' id='word_1_70' title='bbox 828 990 1003 1038; x_wconf 90' lang='lat' dir='ltr'>minus</span> <span class='ocrx_word' id='word_1_71' title='bbox 1044 991 1243 1038; x_wconf 83' lang='lat' dir='ltr'>iustum</span> <span class='ocrx_word' id='word_1_72' title='bbox 1279 991 1525 1053; x_wconf 90' lang='lat' dir='ltr'>piumque</span> <span class='ocrx_word' id='word_1_73' title='bbox 1569 990 1628 1038; x_wconf 87' lang='lat' dir='ltr'>de</span> 
     </span>
     <span class='ocr_line' id='line_1_12' title="bbox 145 1071 832 1133; baseline 0.001 -15"><span class='ocrx_word' id='word_1_74' title='bbox 145 1071 348 1133; x_wconf 85' lang='lat' dir='ltr'>integro</span> <span class='ocrx_word' id='word_1_75' title='bbox 385 1071 589 1119; x_wconf 87' lang='lat' dir='ltr'>ineatur</span> <span class='ocrx_word' id='word_1_76' title='bbox 624 1071 832 1119; x_wconf 88' lang='lat' dir='ltr'>bellum.</span> 
     </span>
    </p>
   </div>
   <div class='ocr_carea' id='block_1_3' title="bbox 79 1243 1635 2595">
    <p class='ocr_par' dir='ltr' id='par_1_5' title="bbox 146 1243 1633 1588">
     <span class='ocr_line' id='line_1_13' title="bbox 146 1243 1630 1296; baseline 0 -12"><span class='ocrx_word' id='word_1_77' title='bbox 146 1243 408 1285; x_wconf 73' lang='lat' dir='ltr'>Meanwhile</span> <span class='ocrx_word' id='word_1_78' title='bbox 453 1252 680 1296; x_wconf 60' lang='lat' dir='ltr'>&lt;proposes</span> <span class='ocrx_word' id='word_1_79' title='bbox 716 1243 987 1286; x_wconf 68' lang='lat' dir='ltr'>Postumius:</span> <span class='ocrx_word' id='word_1_80' title='bbox 1034 1257 1058 1284; x_wconf 79' lang='grc' dir='ltr'><em>α</em></span> <span class='ocrx_word' id='word_1_81' title='bbox 1099 1257 1189 1283; x_wconf 69' lang='lat' dir='ltr'>neec</span> <span class='ocrx_word' id='word_1_82' title='bbox 1227 1256 1353 1296; x_wconf 67' lang='lat' dir='ltr'>army</span> <span class='ocrx_word' id='word_1_83' title='bbox 1389 1243 1546 1285; x_wconf 76' lang='lat' dir='ltr'>should</span> <span class='ocrx_word' id='word_1_84' title='bbox 1583 1243 1630 1284; x_wconf 78' lang='lat' dir='ltr'>be</span> 
     </span>
     <span class='ocr_line' id='line_1_14' title="bbox 264 1301 1632 1356; baseline 0.001 -15"><span class='ocrx_word' id='word_1_85' title='bbox 264 1302 456 1343; x_wconf 76' lang='lat' dir='ltr'>enrolled</span> <span class='ocrx_word' id='word_1_86' title='bbox 469 1317 483 1353; x_wconf 86' lang='lat'><em>;</em></span> <span class='ocrx_word' id='word_1_87' title='bbox 523 1302 615 1342; x_wconf 75' lang='lat' dir='ltr'>and</span> <span class='ocrx_word' id='word_1_88' title='bbox 647 1302 763 1342; x_wconf 71' lang='lat' dir='ltr'>when</span> <span class='ocrx_word' id='word_1_89' title='bbox 794 1301 845 1342; x_wconf 77' lang='lat' dir='ltr'>he</span> <span class='ocrx_word' id='word_1_90' title='bbox 877 1302 969 1342; x_wconf 77' lang='lat' dir='ltr'>and</span> <span class='ocrx_word' id='word_1_91' title='bbox 998 1302 1067 1342; x_wconf 74' lang='lat' dir='ltr'>the</span> <span class='ocrx_word' id='word_1_92' title='bbox 1099 1302 1222 1343; x_wconf 77' lang='lat' dir='ltr'>other</span> <span class='ocrx_word' id='word_1_93' title='bbox 1245 1307 1516 1356; x_wconf 68' lang='lat' dir='ltr'>quarantors</span> <span class='ocrx_word' id='word_1_94' title='bbox 1541 1301 1632 1343; x_wconf 80' lang='lat' dir='ltr'>had</span> 
     </span>
     <span class='ocr_line' id='line_1_15' title="bbox 263 1359 1633 1413; baseline 0.002 -14"><span class='ocrx_word' id='word_1_95' title='bbox 263 1359 364 1400; x_wconf 77' lang='lat' dir='ltr'>been</span> <span class='ocrx_word' id='word_1_96' title='bbox 413 1360 627 1401; x_wconf 72' lang='lat' dir='ltr'>delicered</span> <span class='ocrx_word' id='word_1_97' title='bbox 681 1374 749 1413; x_wconf 73' lang='lat' dir='ltr'>up,</span> <span class='ocrx_word' id='word_1_98' title='bbox 791 1359 860 1400; x_wconf 78' lang='lat' dir='ltr'>the</span> <span class='ocrx_word' id='word_1_99' title='bbox 900 1359 1070 1400; x_wconf 79' lang='lat' dir='ltr'>Roman</span> <span class='ocrx_word' id='word_1_100' title='bbox 1123 1374 1250 1412; x_wconf 71' lang='lat' dir='ltr'>army</span> <span class='ocrx_word' id='word_1_101' title='bbox 1290 1360 1427 1412; x_wconf 67' lang='lat' dir='ltr'>miqht</span> <span class='ocrx_word' id='word_1_102' title='bbox 1474 1360 1633 1402; x_wconf 64' lang='lat' dir='ltr'>int-ade</span> 
     </span>
     <span class='ocr_line' id='line_1_16' title="bbox 264 1418 1632 1471; baseline 0.001 -13"><span class='ocrx_word' id='word_1_103' title='bbox 264 1419 515 1468; x_wconf 72' lang='lat' dir='ltr'>Samnium,</span> <span class='ocrx_word' id='word_1_104' title='bbox 551 1419 656 1469; x_wconf 74' lang='lat' dir='ltr'>aud,</span> <span class='ocrx_word' id='word_1_105' title='bbox 697 1418 747 1458; x_wconf 77' lang='lat' dir='ltr'>he</span> <span class='ocrx_word' id='word_1_106' title='bbox 783 1419 970 1471; x_wconf 69' lang='lat' dir='ltr'>prctgsecl,</span> <span class='ocrx_word' id='word_1_107' title='bbox 1005 1419 1110 1458; x_wconf 66' lang='lat' dir='ltr'>with</span> <span class='ocrx_word' id='word_1_108' title='bbox 1150 1418 1283 1459; x_wconf 73' lang='lat' dir='ltr'>better</span> <span class='ocrx_word' id='word_1_109' title='bbox 1315 1431 1482 1460; x_wconf 70' lang='lat' dir='ltr'>success</span> <span class='ocrx_word' id='word_1_110' title='bbox 1522 1419 1632 1459; x_wconf 74' lang='lat' dir='ltr'>than</span> 
     </span>
     <span class='ocr_line' id='line_1_17' title="bbox 263 1476 1631 1530; baseline 0.001 -14"><span class='ocrx_word' id='word_1_111' title='bbox 263 1477 701 1530; x_wconf 57' lang='lat' dir='ltr'>theirpredecessor&amp;</span> <span class='ocrx_word' id='word_1_112' title='bbox 766 1477 817 1517; x_wconf 88' lang='lat' dir='ltr'><em>H</em></span> <span class='ocrx_word' id='word_1_113' title='bbox 818 1476 855 1517; x_wconf 71' lang='grc' dir='ltr'>ἵε</span> <span class='ocrx_word' id='word_1_114' title='bbox 879 1476 1092 1529; x_wconf 68' lang='lat' dir='ltr'>proposed</span> <span class='ocrx_word' id='word_1_115' title='bbox 1124 1477 1160 1518; x_wconf 78' lang='lat' dir='ltr'>is</span> <span class='ocrx_word' id='word_1_116' title='bbox 1187 1476 1325 1518; x_wconf 77' lang='lat' dir='ltr'>heard</span> <span class='ocrx_word' id='word_1_117' title='bbox 1352 1476 1456 1517; x_wconf 71' lang='lat' dir='ltr'>with</span> <span class='ocrx_word' id='word_1_118' title='bbox 1483 1481 1631 1518; x_wconf 78' lang='lat' dir='ltr'>aston-</span> 
     </span>
     <span class='ocr_line' id='line_1_18' title="bbox 268 1535 698 1588; baseline -0.005 -12"><span class='ocrx_word' id='word_1_119' title='bbox 268 1535 453 1576; x_wconf 73' lang='lat' dir='ltr'>ishment</span> <span class='ocrx_word' id='word_1_120' title='bbox 474 1536 564 1575; x_wconf 77' lang='lat' dir='ltr'>and</span> <span class='ocrx_word' id='word_1_121' title='bbox 588 1535 698 1588; x_wconf 69' lang='lat' dir='ltr'>piry.</span> 
     </span>
    </p>

    <p class='ocr_par' dir='ltr' id='par_1_6' title="bbox 106 1640 1633 1864">
     <span class='ocr_line' id='line_1_19' title="bbox 106 1640 1631 1699; baseline 0.001 -11"><span class='ocrx_word' id='word_1_122' title='bbox 106 1664 122 1699; x_wconf 82' lang='lat'><em>7</em></span> <span class='ocrx_word' id='word_1_123' title='bbox 216 1641 422 1689; x_wconf 75' lang='lat' dir='ltr'>Interea</span> <span class='ocrx_word' id='word_1_124' title='bbox 453 1641 688 1687; x_wconf 84' lang='lat' dir='ltr'>consules</span> <span class='ocrx_word' id='word_1_125' title='bbox 720 1640 1000 1688; x_wconf 82' lang='lat' dir='ltr'>exercitum</span> <span class='ocrx_word' id='word_1_126' title='bbox 1031 1641 1251 1688; x_wconf 88' lang='lat' dir='ltr'>scribere</span> <span class='ocrx_word' id='word_1_127' title='bbox 1286 1657 1483 1689; x_wconf 80' lang='lat' dir='ltr'>armare</span> <span class='ocrx_word' id='word_1_128' title='bbox 1516 1642 1631 1689; x_wconf 88' lang='lat' dir='ltr'>edu-</span> 
     </span>
     <span class='ocr_line' id='line_1_20' title="bbox 145 1721 1633 1784; baseline -0.001 -15"><span class='ocrx_word' id='word_1_129' title='bbox 145 1739 259 1769; x_wconf 90' lang='lat' dir='ltr'>cere</span> <span class='ocrx_word' id='word_1_130' title='bbox 291 1723 470 1784; x_wconf 80' lang='lat' dir='ltr'>placet,</span> <span class='ocrx_word' id='word_1_131' title='bbox 508 1738 600 1769; x_wconf 92' lang='lat' dir='ltr'>nec</span> <span class='ocrx_word' id='word_1_132' title='bbox 633 1721 774 1782; x_wconf 88' lang='lat' dir='ltr'>prius</span> <span class='ocrx_word' id='word_1_133' title='bbox 806 1721 1008 1783; x_wconf 84' lang='lat' dir='ltr'>ingredi</span> <span class='ocrx_word' id='word_1_134' title='bbox 1040 1722 1270 1769; x_wconf 87' lang='lat' dir='ltr'>hostium</span> <span class='ocrx_word' id='word_1_135' title='bbox 1303 1722 1448 1781; x_wconf 70' lang='lat' dir='ltr'>fines,</span> <span class='ocrx_word' id='word_1_136' title='bbox 1478 1737 1633 1784; x_wconf 88' lang='lat' dir='ltr'>quam</span> 
     </span>
     <span class='ocr_line' id='line_1_21' title="bbox 147 1802 1625 1864; baseline 0.001 -15"><span class='ocrx_word' id='word_1_137' title='bbox 147 1803 319 1851; x_wconf 89' lang='lat' dir='ltr'>omnia</span> <span class='ocrx_word' id='word_1_138' title='bbox 351 1803 486 1850; x_wconf 87' lang='lat' dir='ltr'>iusta</span> <span class='ocrx_word' id='word_1_139' title='bbox 518 1803 573 1849; x_wconf 90' lang='lat' dir='ltr'>in</span> <span class='ocrx_word' id='word_1_140' title='bbox 607 1802 920 1850; x_wconf 85' lang='lat' dir='ltr'>deditionem</span> <span class='ocrx_word' id='word_1_141' title='bbox 955 1806 1185 1849; x_wconf 85' lang='lat' dir='ltr'>nostram</span> <span class='ocrx_word' id='word_1_142' title='bbox 1215 1804 1438 1864; x_wconf 82' lang='lat' dir='ltr'>perfecta</span> <span class='ocrx_word' id='word_1_143' title='bbox 1461 1805 1625 1851; x_wconf 86' lang='lat' dir='ltr'>erunt.</span> 
     </span>
    </p>

    <p class='ocr_par' dir='ltr' id='par_1_7' title="bbox 102 1883 1633 2025">
     <span class='ocr_line' id='line_1_22' title="bbox 102 1883 1632 1945; baseline -0.002 -12"><span class='ocrx_word' id='word_1_144' title='bbox 102 1898 125 1934; x_wconf 85' lang='grc'>8</span> <span class='ocrx_word' id='word_1_145' title='bbox 145 1900 251 1944; x_wconf 89' lang='lat' dir='ltr'>vos,</span> <span class='ocrx_word' id='word_1_146' title='bbox 282 1883 354 1930; x_wconf 90' lang='lat' dir='ltr'>dii</span> <span class='ocrx_word' id='word_1_147' title='bbox 385 1883 701 1942; x_wconf 84' lang='lat' dir='ltr'>imnortales,</span> <span class='ocrx_word' id='word_1_148' title='bbox 739 1899 916 1944; x_wconf 89' lang='lat' dir='ltr'>precor</span> <span class='ocrx_word' id='word_1_149' title='bbox 947 1900 1247 1945; x_wconf 77' lang='lat' dir='ltr'>quaesoque,</span> <span class='ocrx_word' id='word_1_150' title='bbox 1277 1884 1321 1930; x_wconf 89' lang='lat' dir='ltr'>si</span> <span class='ocrx_word' id='word_1_151' title='bbox 1345 1884 1493 1931; x_wconf 80' lang='lat' dir='ltr'>vobis</span> <span class='ocrx_word' id='word_1_152' title='bbox 1526 1900 1632 1930; x_wconf 93' lang='lat' dir='ltr'>non</span> 
     </span>
     <span class='ocr_line' id='line_1_23' title="bbox 145 1963 1633 2025; baseline -0.001 -13"><span class='ocrx_word' id='word_1_153' title='bbox 145 1965 245 2012; x_wconf 89' lang='lat' dir='ltr'>fuit</span> <span class='ocrx_word' id='word_1_154' title='bbox 292 1965 429 2012; x_wconf 86' lang='lat' dir='ltr'>cordi</span> <span class='ocrx_word' id='word_1_155' title='bbox 476 1965 559 2025; x_wconf 85' lang='lat' dir='ltr'>Sp.</span> <span class='ocrx_word' id='word_1_156' title='bbox 607 1964 936 2012; x_wconf 79' lang='lat' dir='ltr'>Postumium</span> <span class='ocrx_word' id='word_1_157' title='bbox 985 1965 1038 2012; x_wconf 90' lang='lat' dir='ltr'>T.</span> <span class='ocrx_word' id='word_1_158' title='bbox 1073 1965 1349 2012; x_wconf 84' lang='lat' dir='ltr'>Veturimn</span> <span class='ocrx_word' id='word_1_159' title='bbox 1397 1963 1633 2012; x_wconf 88' lang='lat' dir='ltr'>consules</span> 
     </span>
    </p>

    <p class='ocr_par' dir='ltr' id='par_1_8' title="bbox 100 2038 1635 2349">
     <span class='ocr_line' id='line_1_24' title="bbox 100 2038 1633 2108; baseline 0 -16"><span class='ocrx_word' id='word_1_160' title='bbox 100 2060 124 2099; x_wconf 89' lang='lat'>9</span> <span class='ocrx_word' id='word_1_161' title='bbox 147 2062 266 2092; x_wconf 84' lang='lat' dir='ltr'>cum</span> <span class='ocrx_word' id='word_1_162' title='bbox 314 2038 635 2093; x_wconf 65' lang='lat' dir='ltr'>Samnitibus</span> <span class='ocrx_word' id='word_1_163' title='bbox 682 2062 920 2107; x_wconf 87' lang='lat' dir='ltr'>prospere</span> <span class='ocrx_word' id='word_1_164' title='bbox 968 2045 1164 2092; x_wconf 90' lang='lat' dir='ltr'>bellum</span> <span class='ocrx_word' id='word_1_165' title='bbox 1213 2063 1397 2108; x_wconf 87' lang='lat' dir='ltr'>gerere,</span> <span class='ocrx_word' id='word_1_166' title='bbox 1443 2048 1496 2093; x_wconf 84' lang='lat' dir='ltr'>at</span> <span class='ocrx_word' id='word_1_167' title='bbox 1542 2061 1633 2094; x_wconf 88' lang='lat' dir='ltr'>vos</span> 
     </span>
     <span class='ocr_line' id='line_1_25' title="bbox 148 2128 1632 2190; baseline 0.001 -16"><span class='ocrx_word' id='word_1_168' title='bbox 148 2129 270 2175; x_wconf 87' lang='lat' dir='ltr'>satis</span> <span class='ocrx_word' id='word_1_169' title='bbox 295 2129 526 2176; x_wconf 88' lang='lat' dir='ltr'>habeatis</span> <span class='ocrx_word' id='word_1_170' title='bbox 551 2128 741 2175; x_wconf 79' lang='lat' dir='ltr'>vidisse</span> <span class='ocrx_word' id='word_1_171' title='bbox 768 2144 862 2175; x_wconf 89' lang='lat' dir='ltr'>nos</span> <span class='ocrx_word' id='word_1_172' title='bbox 893 2128 987 2175; x_wconf 89' lang='lat' dir='ltr'>sub</span> <span class='ocrx_word' id='word_1_173' title='bbox 1017 2128 1197 2190; x_wconf 87' lang='lat' dir='ltr'>iugum</span> <span class='ocrx_word' id='word_1_174' title='bbox 1220 2129 1418 2189; x_wconf 89' lang='lat' dir='ltr'>missos,</span> <span class='ocrx_word' id='word_1_175' title='bbox 1441 2128 1632 2176; x_wconf 87' lang='lat' dir='ltr'>vidisse</span> 
     </span>
     <span class='ocr_line' id='line_1_26' title="bbox 149 2208 1632 2272; baseline 0.001 -17"><span class='ocrx_word' id='word_1_176' title='bbox 149 2210 422 2270; x_wconf 85' lang='lat' dir='ltr'>sponsione</span> <span class='ocrx_word' id='word_1_177' title='bbox 449 2209 632 2256; x_wconf 86' lang='lat' dir='ltr'>infami</span> <span class='ocrx_word' id='word_1_178' title='bbox 659 2209 924 2271; x_wconf 90' lang='lat' dir='ltr'>obligatos,</span> <span class='ocrx_word' id='word_1_179' title='bbox 944 2208 1118 2256; x_wconf 85' lang='lat' dir='ltr'>videre</span> <span class='ocrx_word' id='word_1_180' title='bbox 1144 2211 1309 2257; x_wconf 87' lang='lat' dir='ltr'>nudos</span> <span class='ocrx_word' id='word_1_181' title='bbox 1333 2210 1632 2272; x_wconf 86' lang='lat' dir='ltr'>vinctosque</span> 
     </span>
     <span class='ocr_line' id='line_1_27' title="bbox 148 2290 1635 2349; baseline 0.002 -13"><span class='ocrx_word' id='word_1_182' title='bbox 148 2290 385 2338; x_wconf 75' lang='lat' dir='ltr'>hostibus</span> <span class='ocrx_word' id='word_1_183' title='bbox 440 2291 652 2349; x_wconf 75' lang='lat' dir='ltr'>deditos,</span> <span class='ocrx_word' id='word_1_184' title='bbox 708 2307 915 2338; x_wconf 89' lang='lat' dir='ltr'>omnem</span> <span class='ocrx_word' id='word_1_185' title='bbox 968 2292 1099 2337; x_wconf 85' lang='lat' dir='ltr'>iram</span> <span class='ocrx_word' id='word_1_186' title='bbox 1154 2291 1383 2338; x_wconf 83' lang='lat' dir='ltr'>hostium</span> <span class='ocrx_word' id='word_1_187' title='bbox 1441 2291 1635 2339; x_wconf 84' lang='lat' dir='ltr'>nostris</span> 
     </span>
    </p>

    <p class='ocr_par' dir='ltr' id='par_1_9' title="bbox 79 2371 1632 2434">
     <span class='ocr_line' id='line_1_28' title="bbox 79 2371 1632 2434; baseline 0.003 -20"><span class='ocrx_word' id='word_1_188' title='bbox 79 2389 126 2415; x_wconf 91' lang='lat'>10</span> <span class='ocrx_word' id='word_1_189' title='bbox 149 2371 401 2430; x_wconf 84' lang='lat' dir='ltr'>capitibus</span> <span class='ocrx_word' id='word_1_190' title='bbox 440 2371 784 2432; x_wconf 78' lang='lat' dir='ltr'>excipientes;</span> <span class='ocrx_word' id='word_1_191' title='bbox 832 2387 992 2418; x_wconf 81' lang='lat' dir='ltr'>novos</span> <span class='ocrx_word' id='word_1_192' title='bbox 1034 2372 1268 2419; x_wconf 89' lang='lat' dir='ltr'>consules</span> <span class='ocrx_word' id='word_1_193' title='bbox 1304 2372 1632 2434; x_wconf 87' lang='lat' dir='ltr'>legionesque</span> 
     </span>
    </p>

    <p class='ocr_par' dir='ltr' id='par_1_10' title="bbox 151 2452 1629 2513">
     <span class='ocr_line' id='line_1_29' title="bbox 151 2452 1629 2513; baseline 0 -13"><span class='ocrx_word' id='word_1_194' title='bbox 151 2454 407 2500; x_wconf 82' lang='lat' dir='ltr'>Romanas</span> <span class='ocrx_word' id='word_1_195' title='bbox 451 2453 521 2500; x_wconf 87' lang='lat' dir='ltr'>ita</span> <span class='ocrx_word' id='word_1_196' title='bbox 565 2469 680 2499; x_wconf 89' lang='lat' dir='ltr'>cum</span> <span class='ocrx_word' id='word_1_197' title='bbox 718 2452 950 2499; x_wconf 82' lang='lat' dir='ltr'>Samnite</span> <span class='ocrx_word' id='word_1_198' title='bbox 999 2469 1169 2513; x_wconf 91' lang='lat' dir='ltr'>gerere</span> <span class='ocrx_word' id='word_1_199' title='bbox 1211 2453 1405 2499; x_wconf 72' lang='lat' dir='ltr'>belliun</span> <span class='ocrx_word' id='word_1_200' title='bbox 1442 2452 1629 2512; x_wconf 80' lang='lat' dir='ltr'>velitis,</span> 
     </span>
    </p>

    <p class='ocr_par' dir='ltr' id='par_1_11' title="bbox 81 2533 1634 2595">
     <span class='ocr_line' id='line_1_30' title="bbox 81 2533 1634 2595; baseline 0 -15"><span class='ocrx_word' id='word_1_201' title='bbox 81 2555 121 2580; x_wconf 81' lang='lat'>11</span> <span class='ocrx_word' id='word_1_202' title='bbox 151 2536 206 2580; x_wconf 85' lang='lat' dir='ltr'>ut</span> <span class='ocrx_word' id='word_1_203' title='bbox 233 2533 404 2580; x_wconf 89' lang='lat' dir='ltr'>omnia</span> <span class='ocrx_word' id='word_1_204' title='bbox 428 2535 545 2580; x_wconf 87' lang='lat' dir='ltr'>ante</span> <span class='ocrx_word' id='word_1_205' title='bbox 577 2550 669 2580; x_wconf 85' lang='lat' dir='ltr'>nos</span> <span class='ocrx_word' id='word_1_206' title='bbox 700 2533 933 2580; x_wconf 86' lang='lat' dir='ltr'>consules</span> <span class='ocrx_word' id='word_1_207' title='bbox 963 2533 1096 2581; x_wconf 87' lang='lat' dir='ltr'>bella</span> <span class='ocrx_word' id='word_1_208' title='bbox 1125 2535 1266 2595; x_wconf 87' lang='lat' dir='ltr'>gesta</span> <span class='ocrx_word' id='word_1_209' title='bbox 1290 2533 1447 2579; x_wconf 86' lang='lat' dir='ltr'>sunt.&#39;</span> <span class='ocrx_word' id='word_1_210' title='bbox 1507 2549 1634 2594; x_wconf 90' lang='lat' dir='ltr'>quae</span> 
     </span>
    </p>
   </div>
   <div class='ocr_carea' id='block_1_4' title="bbox 149 2613 1632 2675">
    <p class='ocr_par' dir='ltr' id='par_1_12' title="bbox 149 2613 1632 2675">
     <span class='ocr_line' id='line_1_31' title="bbox 149 2613 1632 2675; baseline 0 -15"><span class='ocrx_word' id='word_1_211' title='bbox 149 2614 237 2661; x_wconf 89' lang='lat' dir='ltr'>ubi</span> <span class='ocrx_word' id='word_1_212' title='bbox 276 2613 418 2673; x_wconf 75' lang='lat' dir='ltr'>dixit,</span> <span class='ocrx_word' id='word_1_213' title='bbox 457 2617 602 2662; x_wconf 82' lang='lat' dir='ltr'>tanta</span> <span class='ocrx_word' id='word_1_214' title='bbox 638 2615 796 2661; x_wconf 89' lang='lat' dir='ltr'>simul</span> <span class='ocrx_word' id='word_1_215' title='bbox 837 2614 1104 2661; x_wconf 83' lang='lat' dir='ltr'>admiratio</span> <span class='ocrx_word' id='word_1_216' title='bbox 1143 2614 1502 2675; x_wconf 87' lang='lat' dir='ltr'>miseratioque</span> <span class='ocrx_word' id='word_1_217' title='bbox 1534 2614 1632 2661; x_wconf 90' lang='lat' dir='ltr'>viri</span> 
     </span>
    </p>
   </div>
  </div>
 </body>
</html>
