1779 2897
165 158 234 214 54
748 153 878 194 TITI
933 153 1063 194 LIVI

165 271 269 331 ille,
317 287 469 333 quem
524 270 612 332 qui
662 285 725 316 ex
778 268 981 329 regibus
1033 270 1266 315 constare
1320 267 1466 328 dixit,
1515 284 1649 315 unus

95 368 139 407 15
163 368 339 400 veram
365 351 586 413 speciem
609 351 831 398 Romani
856 351 1065 397 senatus
1093 348 1257 410 cepit!
1317 348 1371 395 id
1392 364 1515 396 vero
1541 350 1650 396 erat

164 433 464 494 periculum,
494 449 557 479 ne
590 431 851 479 sollertius
879 447 1034 492 quam
1058 429 1277 492 quilibet
1300 446 1437 475 unus
1461 445 1523 475 ex
1546 429 1643 488 his,

165 530 292 575 quos
327 513 607 572 nominavi,
648 513 831 560 castris
865 511 1038 559 locum
1080 512 1293 572 caperet,
1337 512 1650 557 commeatus

165 595 439 656 expediret,
482 594 545 641 ab
586 593 795 641 insidiis
828 595 1165 655 praecaveret,
1208 593 1415 652 tempus
1438 577 1650 652 ‘pugnae

46 709 53 718 ,
92 681 138 719 16
165 676 429 738 deligeret,
453 676 616 723 aciem
646 675 939 734 instrueret,
967 663 1216 721 subsidiis
1239 673 1485 719 firmaret.
1542 688 1649 735 non

165 773 282 804 cum
319 745 484 804 Dareo
519 772 630 803 rem
666 772 776 803 esse
814 755 1046 814 dixisset,
1087 769 1244 815 quem
1277 752 1558 800 mulierum
1593 768 1650 800 ac

164 837 450 899 spadonum
485 852 670 898 agmen
702 835 1006 890 trahentem,
1036 835 1176 881 inter
1197 850 1476 895 purpuram
1500 835 1651 895 atque

163 935 256 966 au]
259 934 363 975 um
406 919 677 965 oneratum
712 917 946 964 fortunae
983 915 1310 978 apparatibus
1346 915 1478 974 Suae,
1512 930 1650 979 prae-

165 1000 285 1047 dam
318 1000 493 1046 velius
528 1014 683 1060 quam
715 997 931 1057 hostem,
973 994 1109 1044 nihil
1151 996 1293 1043 aliud
1330 1011 1486 1057 quam
1519 995 1650 1043 bene

97 1097 140 1138 17
163 1096 317 1129 ausus
341 1095 474 1126 vana
507 1083 847 1150 contemnem,
872 1065 1186 1125 incruentus
1218 1077 1424 1128 devicit.
1499 1076 1651 1137 longe

163 1161 297 1208 alius
342 1160 525 1208 Italiae
576 1175 732 1221 quam
772 1159 967 1219 Indiae,
1015 1175 1108 1220 per
1155 1175 1310 1220 quam
1362 1157 1651 1205 temulento

163 1243 369 1304 agmine
417 1240 817 1288 comisabundus
856 1240 1081 1300 incessit,
1121 1240 1266 1287 visus
1313 1238 1409 1305 illi
1441 1238 1652 1285 habitus

162 1325 309 1377 esset,
353 1322 514 1369 saltus
548 1321 769 1382 Apuliae
813 1337 868 1367 ac
907 1310 1110 1368 montes
1145 1321 1379 1367 Lucanos
1421 1312 1650 1366 cernenti

165 1405 216 1451 et
233 1402 453 1463 vestigia
477 1402 699 1449 recentia
718 1401 1025 1449 domesticae
1052 1401 1225 1458 cladis,
1249 1400 1340 1446 ubi
1366 1384 1652 1447 avunculsis

165 1485 276 1533 eius
300 1501 467 1546 nuper
490 1484 639 1546 Epiri
664 1500 752 1531 rex
777 1482 1076 1531 Alexander
1098 1483 1404 1544 absumptus
1427 1482 1549 1530 erat.

811 1696 1001 1743 XVIII

162 1819 540 1862 Demorazization
571 1819 625 1871 of
647 1818 906 1859 Alexander
937 1818 1030 1858 and
1060 1817 1406 1868 Maceclonians;
1438 1816 1581 1857 would
1617 1815 1650 1855 it

280 1879 385 1919 have
417 1878 687 1919 continued?
753 1877 911 1918 Would
941 1876 1011 1917 the
1040 1876 1236 1917 Romans
1266 1875 1371 1916 have
1403 1875 1504 1916 been
1533 1887 1649 1915 over-

280 1937 401 1978 awed
428 1936 482 1989 by
512 1936 582 1976 his
612 1936 778 1976 mame?

123 2071 135 2096 1
233 2045 299 2091 Et
359 2043 621 2105 loquimur
692 2043 751 2089 de
812 2042 1109 2089 Alexandro
1180 2041 1414 2088 nondum
1482 2055 1650 2086 merso

164 2124 405 2172 secundis
451 2124 616 2183 rebus,
660 2139 874 2184 quarum
921 2139 1072 2169 nemo
1120 2121 1485 2169 intolerantior
1528 2120 1642 2167 fuit.

121 2230 139 2255 2
165 2206 255 2268 qui
295 2206 340 2253 si
379 2222 441 2253 ex
483 2205 667 2252 habitu
713 2221 875 2252 novae
917 2204 1160 2251 fortunae
1202 2202 1439 2264 novique,
1481 2203 1541 2248 ut
1576 2200 1651 2248 ita

165 2288 344 2347 dicam,
374 2286 586 2348 ingenii,
616 2286 751 2348 quod
784 2285 884 2332 sibi
908 2284 1074 2332 victor
1097 2284 1347 2342 induerat,
1380 2283 1644 2344 spectetur,

119 2387 138 2423 3
165 2370 332 2417 Dareo
371 2368 539 2429 magis
586 2367 778 2415 similis
820 2382 974 2428 quam
1010 2365 1306 2413 Alexandro
1348 2363 1406 2410 in
1441 2362 1650 2410 Italiam

163 2450 404 2509 venisset,
432 2452 484 2497 et
516 2448 801 2496 exercitum
825 2446 1149 2494 Macedoniae
1184 2444 1407 2492 oblitum
1440 2444 1649 2505 degene-

164 2534 463 2593 rantemque
521 2530 626 2578 iam
683 2530 739 2576 in
789 2528 1064 2575 Persarum
1116 2542 1285 2573 mores
1335 2524 1646 2573 adduxisset.

118 2630 143 2665 4
164 2613 353 2660 referre
391 2611 447 2658 in
483 2614 628 2658 tauto
671 2627 787 2672 rege
822 2611 963 2671 piget
996 2608 1264 2668 superbam
1306 2606 1650 2654 mutationem
