1779 2897
141 104 212 173 56
721 115 854 155 T1T1
908 115 1039 156 LIVI

139 229 329 290 animo,
377 229 533 277 unius
575 233 749 277 tamen
790 247 848 278 ea
888 231 1191 292 magnitudo
1231 232 1462 280 hominis
1508 234 1620 293 erit,

91 320 115 358 9
139 309 349 358 collecta
372 310 524 372 paulo
549 311 666 372 plus
692 311 867 358 decem
891 304 1145 359 annorum
1169 312 1410 360 felicitate
1423 331 1435 372 3
1472 330 1625 375 quam

139 391 229 452 qui
261 409 321 438 eo
354 391 625 452 extollunt,
656 393 792 454 quod
816 393 1038 454 populus
1062 394 1327 442 Romanus
1357 394 1457 441 etsi
1479 394 1624 442 nullo

136 471 272 519 bello
314 473 500 519 multis
540 475 716 520 tamen
758 474 968 535 proeliis
1003 475 1169 522 victus
1203 476 1284 535 sit,
1326 475 1624 523 Alexandro

136 552 335 600 nullius
377 569 578 615 pugnae
625 571 731 601 non
780 555 1002 603 secunda
1049 556 1256 603 fortuna.
1302 556 1468 615 fuerit,
1516 573 1623 603 non

136 633 463 695 intellegunt,
505 651 558 681 se
593 635 822 682 hominis
863 652 943 683 res
978 639 1148 698 gestas
1190 639 1239 683 et
1277 637 1387 684 eius
1422 637 1622 684 iuvenis

138 730 254 761 cum
287 715 465 776 populi
498 715 601 762 iam
635 716 1122 778 octingentesimum
1153 717 1398 764 bellantis
1428 734 1624 765 annum

62 813 111 840 10
136 795 288 842 rebus
335 796 579 843 conferre.
656 797 918 857 miremur,
968 797 1023 857 si,
1072 815 1188 845 cum
1231 815 1294 845 ex
1339 799 1432 845 hac
1478 801 1622 860 parte

134 875 335 924 saecula
366 875 517 938 plura
548 880 888 925 numerentur
923 895 1077 941 quam
1113 896 1175 926 ex
1210 879 1300 927 illa
1335 879 1473 940 anni,
1508 879 1624 941 plus

132 957 189 1003 in
242 958 351 1004 tam
403 956 559 1019 longo
613 959 780 1020 spatio
842 976 996 1021 quam
1054 960 1111 1006 in
1163 962 1326 1008 aetate
1377 961 1622 1008 tredecim

63 1055 105 1083 11
131 1054 388 1086 annorum
435 1038 645 1087 fortuna
692 1041 966 1088 variaverit
986 1043 1011 1089 ⁶?
1104 1041 1231 1103 quin
1282 1044 1341 1089 tu
1395 1042 1624 1091 hominis

133 1136 251 1166 cum
275 1120 488 1167 homine
521 1123 571 1168 et
602 1121 747 1168 ducis
781 1138 900 1169 cum
934 1122 1061 1170 duce
1093 1122 1358 1170 fortunam
1384 1123 1622 1172 confers?

63 1217 105 1243 12
133 1203 257 1262 quot
294 1201 555 1249 Romanos
593 1202 746 1250 duces
782 1203 1063 1263 nominem,
1108 1203 1293 1265 quibus
1335 1220 1621 1266 numquam

131 1282 344 1330 adversa
368 1282 577 1330 fortuna
602 1300 803 1345 pugnae
827 1284 928 1331 fuit
944 1286 969 1333 ?
1028 1285 1241 1346 paginas
1265 1284 1321 1332 in
1345 1285 1622 1333 annalibus

131 1363 629 1426 magistratuumque
669 1364 814 1413 fastis
858 1382 1147 1427 percurrere
1189 1365 1308 1413 licet
1351 1366 1621 1414 consulum

133 1444 557 1507 dictatorumque,
601 1463 823 1507 quorum
866 1463 959 1494 nec
999 1447 1211 1494 virtutis
1251 1463 1345 1494 nec
1383 1447 1619 1495 fortunae

132 1525 241 1573 ullo
279 1525 359 1574 die
396 1526 646 1588 populum
681 1528 977 1576 Romanum
1013 1528 1283 1590 paenituit;

129 1737 361 1789 Morem-er,
383 1738 451 1779 the
466 1739 640 1780 Roman
663 1741 963 1782 commanders
984 1753 1080 1782 mon
1100 1740 1215 1782 their
1231 1754 1440 1783 successes
1460 1743 1620 1796 thouyh

247 1796 345 1849 they
380 1811 487 1838 were
524 1798 762 1851 hampered
803 1800 852 1840 in
893 1813 994 1840 man
1001 1814 1026 1853 3!
1064 1813 1180 1852 ways
1194 1813 1208 1850 ‚·
1255 1800 1330 1841 but
1363 1801 1623 1842 Alexander

248 1868 337 1895 was
372 1855 442 1896 his
477 1869 574 1897 own
610 1862 782 1909 master,
816 1858 908 1898 and
943 1858 1070 1899 could
1106 1858 1272 1899 control
1306 1864 1446 1900 events
1477 1859 1618 1901 better.

247 1913 453 1965 Fmffher,
468 1915 726 1956 Alexander
744 1916 834 1956 had
854 1929 911 1957 πο
932 1929 1150 1957 successor
1158 1930 1172 1966 ;
1201 1917 1391 1958 whereas
1407 1918 1619 1959 aRoman

246 1972 561 2014 commander's
576 1974 706 2015 death
728 1975 854 2015 made
875 1987 931 2016 no
948 1979 1075 2027 yreat
1094 1975 1327 2027 defference
1348 1980 1388 2017 to
1408 1976 1477 2017 the
1497 1981 1617 2019 state.

58 2117 107 2155 13
198 2092 265 2139 Et
309 2109 409 2153 quo
455 2092 560 2140 sint
602 2093 951 2141 mirabiliores
1000 2111 1154 2156 quam
1192 2094 1489 2143 Alexander
1528 2100 1618 2145 aut

131 2173 403 2235 quisquam
469 2191 570 2235 rex,
635 2175 795 2222 denos
852 2175 1157 2237 vicenosque
1231 2176 1340 2224 dies
1410 2177 1617 2238 quidam

131 2253 455 2315 dictaturam,
503 2272 654 2303 nemo
695 2257 813 2318 plus
857 2274 1011 2318 quam
1052 2273 1248 2304 annum
1291 2259 1616 2306 consulatum

57 2356 106 2396 14
130 2335 288 2397 gessit
309 2353 320 2395 ;
371 2336 432 2383 ab
471 2337 696 2385 tribunis
737 2337 903 2399 plebis
946 2338 1163 2385 dilectus
1204 2339 1425 2399 inpediti
1467 2342 1616 2400 sunt3

132 2418 245 2477 post
288 2418 494 2479 tempus
535 2418 598 2465 ad
637 2418 771 2465 bella
809 2418 1011 2476 ierunt;
1059 2422 1178 2466 ante
1222 2420 1427 2482 tempus
1468 2420 1616 2467 comi-

129 2497 322 2545 tiorum
358 2515 505 2547 causa
542 2500 764 2548 revocati
796 2502 948 2558 sunt3
986 2499 1042 2546 in
1079 2500 1190 2561 ipso
1227 2503 1412 2548 conatu
1446 2517 1616 2548 rerum

60 2598 100 2637 15
129 2578 429 2642 circumegit
456 2597 506 2628 se
534 2597 731 2638 annus;
769 2581 987 2643 collegae
1023 2598 1160 2628 nunc
1190 2582 1455 2630 temeritas
1480 2599 1617 2630 1111110
