1779 2897
537 147 663 189 ΜΒ.
704 148 785 189 lx.
858 147 996 188 CAP.
1036 147 1105 188 IX
1495 155 1565 209 33

75 260 246 317 refert,
286 261 464 308 consul
503 279 570 309 an
610 262 826 309 dic-tator
867 278 934 309 an
974 264 1177 323 praetor
1218 263 1564 324 spoponderit.

75 343 127 389 et
152 341 250 388 hoo
273 340 372 403 ipsi
394 342 549 389 etiam
569 343 828 390 Samnites
851 343 1220 403 iudicaverunt,
1246 343 1432 405 quibus
1457 361 1565 392 non
1587 358 1609 394 8

75 422 176 470 fuit
208 422 333 470 satis
368 423 603 471 consules
640 424 904 485 spondere,
934 423 1022 470 sed
1048 423 1241 485 legatos
1273 426 1566 485 quaestores

75 503 313 553 tribunos
337 505 568 554 militum
593 505 842 567 spondere
868 508 1154 567 coegerunt.

79 668 167 710 The
207 670 330 710 truth
371 670 422 723 is,
467 670 566 711 both
607 671 675 711 the
715 670 936 711 Samnites
981 670 1074 710 and
1116 682 1175 710 we
1223 670 1344 710 acted
1388 668 1568 710 without

179 727 466 782 Judqement;
508 729 606 782 they
641 741 749 769 were
791 741 919 781 eayer
940 729 1026 780 for
1052 741 1199 781 peace,
1237 728 1331 768 and
1372 728 1451 768 did
1492 733 1566 769 not

189 787 289 843 take
319 787 389 828 the
422 788 538 841 riyht
570 800 792 828 mensures
812 789 897 840 for
926 787 1130 839 sec-urz'ny
1164 787 1207 826 it.
1277 786 1365 827 The
1395 787 1566 840 People,

191 845 417 899 therefore,
449 848 503 900 of
525 847 659 888 Rome
690 847 730 887 sis
760 850 836 886 71οΐ
866 845 1157 899 responsible;
1196 845 1250 886 let
1286 859 1336 886 us
1366 845 1459 886 who
1491 858 1567 886 are

191 905 457 958 responsible
484 919 579 959 pay
610 905 679 946 the
705 905 902 959 penalty.

139 1004 244 1052 Nec
286 1022 313 1053 a
353 1022 435 1052 me
480 1022 619 1053 nuno
656 1005 925 1067 quisquam
962 1004 1285 1067 quaesiverit,
1326 1004 1450 1066 quid
1494 1003 1567 1052 ita
1587 1019 1610 1057 9

73 1087 451 1148 spoponderim,
500 1103 616 1134 eum
657 1087 710 1134 id
752 1103 846 1134 nee
887 1086 1113 1134 consulis
1153 1086 1235 1133 ius
1276 1088 1424 1144 esset,
1471 1102 1565 1133 nec

70 1165 176 1213 illis
213 1168 463 1228 spondere
499 1183 688 1229 pacem,
731 1184 857 1229 quae
898 1167 1003 1214 mei
1043 1183 1149 1214 non
1195 1169 1304 1214 erat
1346 1166 1559 1225 arbitrii,

71 1262 164 1293 nec
210 1264 304 1309 pro
350 1247 511 1307 vobis,
563 1247 652 1310 qui
706 1247 843 1295 nihil
892 1248 1287 1306 mandaveratis,
1340 1264 1557 1310 possem.

70 1328 205 1376 nihil
240 1329 304 1377 ad
337 1330 602 1389 Caudium,
639 1331 812 1390 patres
848 1328 1135 1390 conscripti,
1172 1328 1417 1376 humanis
1454 1345 1564 1376 eon·
1591 1353 1638 1380 10

70 1407 199 1457 siliis
256 1412 462 1471 gestum
520 1412 635 1458 est:
695 1409 767 1457 dii
818 1409 1120 1458 inmortales
1172 1413 1223 1457 et
1276 1410 1460 1457 vestris
1511 1413 1562 1458 et

68 1488 300 1538 hostium
346 1490 750 1552 imperatoribus
794 1494 1027 1538 mentem
1073 1492 1393 1539 ademerunt.
1469 1508 1563 1539 nec
1591 1511 1632 1536 11

70 1585 166 1618 nos
213 1571 269 1618 in
315 1571 451 1619 bello
500 1572 625 1619 satis
670 1572 914 1631 cavimus,
962 1574 1010 1619 et
1054 1572 1134 1619 illi
1179 1572 1314 1620 male
1363 1575 1562 1634 part-am

69 1652 339 1700 victoriam
374 1653 511 1701 male
544 1653 895 1714 perdiderunt,
926 1654 1050 1701 dum
1081 1653 1170 1701 vix
1205 1653 1342 1709 locis,
1374 1653 1563 1715 quibus

68 1732 312 1795 vicerant,
337 1735 567 1794 credunt,
598 1735 723 1783 dum
749 1752 1066 1798 quacumque
1092 1735 1390 1783 condicione
1416 1752 1562 1783 arma

68 1815 196 1863 viris
225 1816 283 1864 in
317 1833 463 1864 arma
493 1816 632 1864 natis
667 1817 867 1864 auferre
900 1816 1162 1864 festinant.
1239 1832 1318 1877 an,
1357 1817 1401 1864 si
1437 1832 1562 1864 sana
1589 1840 1633 1866 12

67 1912 216 1944 mens
239 1897 436 1957 fuisset,
467 1897 669 1945 difficile
701 1898 808 1945 illis
839 1897 952 1956 fuit,
981 1897 1106 1944 dum
1139 1914 1286 1945 senes
1318 1897 1382 1945 ab
1408 1898 1560 1946 domo

67 1977 132 2025 ad
147 1977 549 2026 consultandum
566 1981 847 2035 accersunt,
867 1978 1074 2026 mittere
1092 1979 1312 2027 Romam
1327 1979 1524 2040 legatos
1535 1982 1560 2028 ‘3

67 2074 187 2106 cum
211 2061 406 2119 senatu,
439 2075 555 2106 011111
588 2059 775 2121 populo
810 2060 870 2107 de
903 2076 1023 2121 pace
1054 2077 1111 2107 ao
1143 2060 1342 2108 foedere
1375 2063 1559 2122 agere?

65 2139 229 2188 tridui
262 2141 362 2189 iter
403 2140 656 2203 expeditis
699 2143 839 2200 erat3
886 2141 1085 2188 interea
1119 2141 1176 2188 in
1218 2141 1434 2189 indutiis
1477 2158 1558 2189 res
1585 2162 1633 2202 13

66 2221 260 2282 fuisset,
309 2222 469 2271 donec
511 2222 573 2269 ab
613 2223 777 2270 Roma
817 2222 974 2284 legati
1014 2224 1101 2269 aut
1142 2221 1414 2269 victoriam
1454 2221 1559 2270 illis

67 2304 259 2350 certam
300 2305 389 2351 aut
429 2319 606 2364 pacem
649 2304 921 2352 adferrent.
1008 2319 1066 2351 ea
1105 2304 1313 2351 demum
1349 2303 1557 2364 sponsio

66 2386 213 2444 esset,
267 2401 421 2447 quam
475 2384 653 2446 populi
711 2385 856 2433 iussu
907 2385 1374 2447 spopondissemus.
1470 2386 1556 2433 sed
1585 2402 1632 2439 14

66 2482 230 2528 neque
266 2483 359 2514 vos
394 2466 657 2525 tulissetis,
698 2483 790 2513 nec
828 2482 922 2514 nos
958 2465 1423 2527 spopondissemus,
1463 2481 1556 2512 nee

65 2547 144 2595 fas
188 2547 287 2595 fuit
332 2548 495 2596 alium
544 2564 716 2596 rerum
757 2547 953 2595 exitum
1002 2564 1112 2596 esse
1162 2563 1316 2609 quam
1358 2548 1417 2594 ut
1458 2546 1549 2606 illi,

63 2628 207 2675 velut
250 2629 452 2676 somnio
499 2628 709 2676 laetiore
753 2644 908 2689 quam
956 2629 1090 2690 quod
1130 2631 1334 2675 mentes
1376 2645 1553 2676 eorum

132 2722 219 2750 lev
235 2724 278 2750 lx
789 2723 823 2755 D
