1779 2897
162 140 234 193 26
743 151 876 192 T1T1
930 117 1062 192 L‘IVI

161 267 260 314 etsi
295 267 439 314 velut
475 267 538 314 ab
579 267 756 314 inferis
800 265 1013 314 extracti
1055 269 1170 313 tum
1212 265 1439 326 primum
1475 263 1643 311 lucem

161 349 384 410 aspicere
432 348 532 395 visi
577 352 714 408 sunt,
765 351 942 395 tamen
995 347 1107 408 ipsa
1160 346 1250 393 lux
1297 345 1367 393 ita
1419 344 1643 391 deforme

113 450 136 482 4
161 429 485 476 intuentibus
515 445 701 490 agmen
728 429 871 476 omni
893 431 1061 475 morte
1084 427 1284 474 tristior
1301 425 1414 473 fuit.
1472 425 1643 487 itaque

160 526 277 558 cum
304 513 423 558 ante
448 513 654 558 noctem
675 511 900 571 Capuam
923 507 1190 571 pervenire
1215 508 1439 569 possent,
1461 505 1644 553 incerti

161 591 222 638 de
247 581 346 638 fide
380 591 635 638 sociorum
667 592 719 638 et
752 590 886 652 quod
918 590 1086 651 pudor
1115 586 1485 650 praepediebat,
1514 586 1644 634 circa

163 671 301 720 viam
341 672 480 720 haud
520 671 697 733 procul
741 671 911 732 Capua
953 670 1188 717 omnium
1236 684 1396 730 egena
1436 683 1644 729 corpora

116 775 135 810 5
159 752 308 800 humi
347 755 753 815 prostraverunt.
829 751 962 813 quod
1004 751 1095 798 ubi
1135 752 1212 797 est
1249 750 1477 810 Capuam
1518 764 1646 795 nun-

158 833 362 894 tiatum,
390 833 583 881 evincit
606 832 870 880 miseratio
904 832 1040 879 iusta
1071 831 1327 879 sociorum
1352 828 1645 891 superbiam

114 927 137 965 6
159 914 446 976 ingenit-am
479 913 766 975 Campanis.
843 912 1114 960 confestim
1148 910 1375 971 insignia
1408 926 1499 957 sua
1532 925 1645 956 con-

162 994 377 1055 sulibus,
417 995 592 1054 fasces,
627 994 864 1053 lictores;
910 1009 1067 1053 arma,
1107 1008 1279 1054 equOS,
1315 990 1641 1050 vestimenta,

117 1096 135 1134 7
162 1078 476 1123 commeatus
500 1074 756 1122 militibus
784 1074 1008 1135 benigne
1032 1072 1251 1120 mittunt
1273 1089 1284 1131 ;
1319 1074 1370 1119 et
1396 1070 1645 1119 venienti-

160 1157 259 1204 bus
296 1156 523 1217 Capuam
566 1157 781 1203 cunctus
821 1157 1035 1203 senatus
1076 1152 1396 1215 populusque
1441 1151 1646 1200 obviam

159 1253 396 1299 egressus
443 1236 595 1284 iustis
646 1235 889 1282 omnibus
935 1233 1282 1296 hospitalibus
1327 1232 1645 1294 privatisque

116 1328 136 1361 S
161 1321 212 1366 et
250 1317 469 1379 publicis
504 1317 739 1378 fungitur
774 1316 965 1365 officiis.
1041 1332 1204 1376 neque
1245 1313 1351 1361 illis
1392 1313 1647 1361 sociorum

160 1398 378 1446 comitas
412 1398 690 1459 vultusque
726 1396 939 1458 benigni
978 1400 1028 1443 et
1070 1395 1308 1457 adloquia
1346 1411 1452 1442 non
1491 1393 1647 1441 modo

161 1496 452 1527 sermonem
484 1479 683 1539 elicere,
720 1478 808 1526 sed
845 1494 908 1525 ne
946 1480 1004 1524 ut
1043 1476 1214 1524 oculos
1248 1475 1455 1538 quidem
1488 1474 1646 1522 adtol-

161 1561 328 1608 lerent
365 1564 454 1607 aut
493 1558 817 1607 consolantes
858 1559 1050 1605 amicos
1086 1560 1267 1605 contra
1302 1556 1644 1616 intuerentur,

49 1650 57 1657 '
116 1661 138 1699 9
160 1639 358 1688 efficere
419 1642 689 1702 poterant:
755 1640 877 1686 adeo
938 1654 1090 1698 super
1142 1652 1429 1683 maerorem
1485 1634 1648 1695 pudor

159 1722 371 1783 quidam
436 1721 612 1784 fugere
681 1719 949 1782 conloquia
1018 1721 1067 1766 et
1136 1721 1308 1765 coetus
1374 1715 1647 1764 hominum

161 1802 385 1865 cogebat.

167 1974 254 2014 The
295 1988 440 2028 youny
479 1988 572 2015 men
610 1974 664 2027 of
695 1974 865 2028 Capua,
904 1973 1138 2024 returm‘ny
1167 1974 1291 2024 from
1333 1970 1545 2024 escortiny
1580 1970 1649 2011 the

280 2034 474 2074 Romans
516 2039 556 2074 to
598 2033 665 2073 the
700 2033 913 2085 frontier,
954 2032 1081 2072 think·
1130 2030 1244 2070 their
1283 2029 1418 2082 spirit
1456 2029 1496 2069 ‘is
1535 2041 1647 2070 com-

276 2092 434 2144 pletely
477 2091 671 2131 ernshecl.
734 2091 825 2131 But
865 2091 1072 2131 Calavius
1115 2089 1305 2129 declares
1346 2087 1461 2127 their
1496 2088 1649 2139 ‘moody

280 2150 437 2190 silence
482 2151 517 2189 is
559 2149 634 2189 bnt
674 2163 733 2190 an
774 2149 1016 2189 ‘indication
1062 2147 1116 2199 of
1147 2146 1343 2187 subdued
1379 2145 1520 2186 wrath
1556 2145 1649 2186 that

282 2208 371 2248 will
411 2220 511 2248 soon
559 2208 681 2247 burst
714 2206 840 2258 forth
881 2207 977 2247 with
1016 2205 1190 2246 terrime
1222 2216 1395 2256 recenye
1430 2216 1549 2257 vupon
1581 2203 1649 2244 the

281 2268 338 2306 Su
347 2281 383 2306 m
392 2280 415 2306 n
426 2267 515 2307 stes.

96 2390 141 2415 10
233 2368 449 2414 Postero
485 2365 564 2411 die
598 2381 715 2410 cum
750 2365 961 2411 iuvenes
992 2363 1205 2417 nobiles,
1235 2360 1380 2408 missi
1406 2377 1435 2407 a
1460 2361 1644 2421 Capua,

167 2451 222 2495 ut
251 2446 630 2507 proficiscentes
659 2445 720 2490 ad
753 2445 909 2491 finem
936 2445 1255 2504 Campanum
1289 2458 1646 2502 prosequeren-

97 2545 135 2571 11
166 2532 267 2577 tur.
311 2525 658 2583 revertissent,
695 2525 958 2584 vocatique
996 2525 1049 2570 iu
1090 2523 1283 2569 curiam
1320 2525 1648 2581 percunctan-

167 2609 307 2655 tibus
360 2606 640 2653 maioribus
694 2612 817 2652 natu
873 2606 1036 2652 multo
1099 2604 1196 2649 sibi
1250 2603 1546 2650 maestiores
1598 2610 1646 2648 et
