1779 2897
543 143 668 185 LIB.
709 143 792 184 IX.
866 141 1005 183 CAP.
1048 139 1183 181 XVII
1537 144 1601 198 51

120 260 334 308 dimisit.
394 258 534 307 haud
558 257 714 305 dubie
737 257 830 304 illa
853 258 1030 315 aetate,
1061 271 1160 317 qua
1183 253 1328 302 nulla
1351 253 1610 302 virtutum
1638 277 1684 316 ¹9

119 341 337 388 feracior
358 340 474 400 fuit,
506 355 659 386 nemo
684 354 820 385 unus
853 339 962 384 erat
983 337 1078 395 vir,
1110 352 1213 397 quo
1237 334 1405 396 magis
1430 334 1610 381 innixa
1640 337 1658 352 ²

120 439 201 470 res
238 423 471 470 Romana
508 423 678 468 staret.
779 419 907 481 quin
959 435 1078 466 eum
1119 433 1295 479 parem
1350 416 1611 464 destinant

119 503 310 551 animis
361 519 551 565 magno
599 501 896 549 Alexandro
949 500 1144 559 ducem,
1199 499 1242 546 si
1297 513 1439 546 arma
1484 497 1612 546 Asia

120 583 417 646 perdomita
441 583 497 631 in
535 583 796 644 Europam
831 581 1085 630 vertisset.

684 783 1050 830 XVII-XIX

190 893 446 946 Diqression
480 906 537 934 on
563 892 833 942 Alexander,
864 892 956 932 and
988 891 1058 931 his
1089 890 1270 931 chauces
1301 889 1355 940 of
1377 901 1541 929 success

590 951 679 992 had
710 950 761 991 he
794 950 981 991 invaded
1011 949 1143 1002 Italy.

792 1135 949 1180 XVH

121 1246 321 1300 Apoloyy
341 1244 426 1297 for
455 1245 712 1298 digression.
781 1243 940 1285 Would
970 1239 1268 1284 Alexander's
1299 1240 1408 1294 qood
1428 1240 1617 1292 fortune

430 1304 536 1345 have
567 1304 706 1345 lasted
737 1303 922 1355 throuyh
953 1315 979 1342 α
1013 1302 1164 1354 lonyer
1193 1300 1309 1354 sze?

191 1404 342 1452 Nihil
374 1404 551 1452 minus
583 1403 877 1466 quaesitum
910 1419 939 1450 a
970 1402 1228 1463 principio
1256 1400 1414 1448 huius
1446 1398 1617 1460 operis
1645 1420 1658 1446 1

121 1486 291 1534 videri
322 1488 493 1548 potest
526 1502 683 1548 quam
714 1488 772 1533 ut
804 1485 923 1547 plus
955 1485 1094 1545 iusto
1127 1484 1192 1531 ab
1223 1499 1399 1530 rerum
1437 1481 1617 1529 ordine

124 1567 435 1615 declinarem
474 1567 916 1629 varietatibusque
959 1565 1332 1626 distinguendo
1375 1579 1525 1625 opere
1567 1564 1619 1610 et

123 1648 415 1712 legentibus
459 1648 606 1697 velut
659 1647 977 1696 deverticula
1026 1663 1242 1694 amoena
1290 1648 1344 1694 et
1387 1644 1619 1707 requiem

124 1730 298 1778 am'mo
330 1746 447 1779 meo
480 1700 828 1810 quaererem⁴
845 1730 1022 1778 tamen
1047 1729 1188 1776 tanti
1211 1728 1348 1790 regis
1382 1743 1438 1776 ac
1473 1726 1620 1774 ducis
1645 1747 1661 1771 2

123 1812 334 1871 mentio,
366 1811 555 1875 quibus
583 1827 730 1874 saepe
754 1811 930 1860 tacitis
955 1809 1360 1873 cogitationibus
1383 1807 1619 1855 volutavi

125 1894 375 1954 animum,
406 1909 492 1941 eas
521 1896 697 1941 evocat
729 1892 787 1939 in
813 1892 1059 1951 medium,
1090 1893 1148 1938 ut
1175 1905 1414 1952 quaerere
1438 1888 1614 1947 libeat,

125 1975 343 2038 quinam
373 1976 592 2023 eventus
615 1974 867 2022 Romanis
901 1973 1069 2032 rebus,
1100 1972 1147 2020 si
1179 1988 1298 2019 oum
1321 1971 1619 2019 Alexandro

125 2057 257 2105 foret
288 2056 552 2116 bellatum,
579 2055 789 2104 futurus
819 2055 988 2103 fuerit.
1062 2054 1353 2116 plurimum
1390 2053 1447 2101 in
1482 2052 1620 2101 bello
1642 2070 1664 2107 3

126 2138 316 2200 pollere
349 2138 600 2187 videntur
634 2137 870 2185 militum
911 2136 1059 2198 eopia
1098 2139 1150 2184 et
1185 2135 1375 2195 virtus,
1410 2134 1621 2198 ingenia

127 2221 509 2282 imperatorum,
533 2220 754 2280 fortuna,
781 2235 871 2280 per
895 2218 1072 2266 omnia
1094 2216 1621 2265 humana—maxime

126 2302 184 2349 in
218 2318 298 2350 res
331 2301 810 2362 bellicas—potens.
886 2316 944 2347 ea
979 2303 1030 2346 et
1062 2298 1270 2360 singula
1303 2298 1534 2346 intuenti
1569 2301 1618 2344 et
1643 2314 1666 2347 4

128 2382 380 2442 universa,
430 2383 563 2430 sicut
607 2382 671 2429 ab
723 2381 842 2429 aliis
887 2380 1097 2442 regibus
1143 2379 1502 2442 gentibusque,
1547 2378 1621 2425 ita

129 2464 192 2512 ab
215 2464 313 2512 hoo
343 2481 546 2526 quoque
576 2463 728 2511 facile
752 2464 1017 2524 praestant
1041 2461 1301 2509 invictum
1326 2460 1621 2508 Romanum

131 2546 425 2607 imperium.
516 2545 621 2592 iam
667 2545 913 2606 primum,
966 2547 1024 2591 ut
1071 2542 1241 2590 ordiar
1287 2541 1351 2589 ab
1405 2541 1622 2588 ducibus
1646 2552 1666 2591 5

132 2627 484 2689 oonparandis,
514 2627 651 2673 haud
676 2626 917 2688 equidem
949 2626 1119 2673 abnuo
1150 2624 1415 2686 egregium
1441 2623 1622 2670 ducem

837 2724 865 2755 E
896 2724 916 2753 2
