1779 2897
575 157 700 200 ms.
741 157 823 200 IX.
894 157 1035 202 CAP.
1077 158 1193 199 1111
1561 167 1632 220 29

139 270 371 323 dictator.
427 273 480 320 L.
524 273 764 321 Valerius
813 274 1022 322 Flaccus
1078 275 1323 336 magister
1379 276 1626 338 equitum.

139 369 232 400 nec
294 371 381 415 per
437 371 524 402 eos
583 354 792 403 comitia
848 355 1040 415 habita,
1100 359 1166 416 et,
1222 356 1341 419 quia
1395 357 1630 406 taedebat

137 435 388 496 populum
423 435 659 483 omniun}
694 435 1094 499 magistratumn
1131 437 1243 485 eius
1278 437 1417 498 anni,
1455 455 1537 486 res
1567 439 1631 486 ad

135 514 497 579 interregnum
523 516 690 564 rediit.
758 516 1042 580 interreges
1067 519 1123 578 Q.
1147 518 1337 566 Fabius
1356 519 1628 580 Maximus,
1661 540 1703 578 15

136 596 450 645 M.Valerius
466 598 673 646 Corvus.
727 598 772 646 is
792 598 1028 647 consules
1053 598 1243 647 creavit
1266 599 1320 659 Q.
1344 599 1632 648 Publilium

134 677 416 727 Philonem
456 682 505 725 et
544 680 598 728 L.
642 679 910 741 Papirium
951 680 1222 728 Cursorem
1264 679 1453 728 iterum
1493 681 1631 730 haud

134 759 292 808 dubio
327 777 581 808 consensu
615 760 856 820 civitatis,
895 761 1028 823 quod
1062 761 1196 809 nulli
1231 778 1290 810 ea
1323 765 1630 825 tempestate

134 842 289 890 duces
315 842 554 890 clariores
579 847 765 891 essent.

805 1037 944 1085 VIII

130 1153 400 1202 Postumius.
425 1154 551 1208 heiny
577 1154 737 1194 inritet]
766 1159 807 1195 lo
835 1154 970 1207 speal:
1002 1155 1044 1194 2⁶21
1072 1155 1139 1196 the
1160 1161 1321 1208 senate,
1346 1170 1447 1206 says-3
1468 1156 1518 1198 he
1545 1156 1630 1197 will

249 1216 324 1253 not
351 1211 514 1264 defend
544 1212 616 1254 his
646 1212 830 1254 conduct
861 1217 907 1253 at
933 1211 1170 1266 Caudium,
1193 1214 1352 1266 thougsh
1385 1215 1436 1254 he
1464 1214 1630 1268 memet,-

249 1269 329 1311 but
349 1270 445 1312 will
471 1270 598 1312 make
626 1285 654 1312 a
681 1271 848 1312 motion
876 1271 1017 1312 which
1045 1272 1139 1312 will
1162 1271 1280 1314 show
1308 1272 1359 1313 he
1389 1273 1480 1314 lead
1507 1274 1630 1315 acted

235 1329 364 1381 from
394 1342 448 1371 no
475 1329 626 1381 selfish
652 1329 841 1372 morice-s.
907 1330 997 1371 The
1018 1331 1177 1384 people
1204 1330 1256 1384 of
1272 1330 1407 1372 Rome
1436 1345 1526 1373 was
1554 1337 1630 1374 ‘not

247 1387 398 1430 bound
432 1387 486 1442 by
518 1389 590 1429 the
621 1393 865 1441 quw-antee
900 1389 997 1428 that
1035 1388 1087 1430 he
1128 1389 1222 1430 and
1257 1390 1326 1430 the
1361 1390 1504 1432 others
1538 1390 1629 1431 had

244 1447 385 1497 ficem,
421 1446 501 1488 but
538 1446 644 1500 only
681 1447 941 1489 themselves.
1004 1447 1058 1488 So
1101 1447 1200 1500 theg]
1240 1448 1398 1488 should
1440 1449 1486 1489 be
1526 1463 1626 1490 sm·-

248 1505 460 1547 rendered
495 1510 536 1547 to
570 1505 641 1546 the
675 1505 910 1559 Sanmites,
949 1506 1042 1547 ancl
1080 1506 1148 1547 the
1178 1507 1334 1560 people
1373 1507 1418 1548 be
1448 1506 1549 1560 free
1587 1513 1626 1549 to

246 1577 390 1605 renem
419 1564 488 1605 the
522 1577 628 1608 tear.

197 1663 308 1723 Quo
364 1663 525 1711 creati
576 1667 698 1712 sunt
747 1664 843 1725 die,
896 1664 1124 1712 eo——sic
1172 1664 1313 1711 enim
1364 1665 1622 1726 placuerat
1653 1686 1667 1712 1

129 1743 362 1805 patribus
381 1745 828 1807 —magistratum
880 1746 1128 1806 inierunt,
1183 1746 1622 1809 sollemnibusque

128 1833 339 1878 senatus
376 1829 626 1877 consultis
660 1829 902 1892 perfectis
945 1830 1005 1878 de
1045 1846 1168 1892 pace
1203 1829 1431 1879 Caudina
1468 1831 1624 1876 rettu-

129 1908 338 1970 lerunt;
391 1910 442 1956 et
488 1909 762 1969 Publilius,
814 1925 973 1971 penes
1023 1926 1177 1971 quem
1224 1909 1389 1957 fasces
1442 1910 1624 1957 erant:
1651 1928 1668 1953 2

133 1990 255 2051 ‘dic,
287 1992 370 2053 Sp.
393 1989 666 2050 Postumi,'
687 1990 870 2053 inquit.
947 1990 1038 2053 qui
1064 1990 1153 2038 ubi
1176 1990 1417 2049 surrexit,
1441 1990 1622 2038 eodem

128 2071 219 2120 illo
244 2073 410 2133 vultu,
439 2088 540 2135 quo
573 2071 670 2120 sub
701 2071 883 2134 iugum
905 2072 1099 2120 missus
1127 2075 1236 2120 erat
1260 2090 1271 2120 :
1314 2072 1481 2120 ‘haud
1506 2089 1622 2120 sum
1648 2091 1669 2128 3

128 2153 376 2216 ignarus,’
400 2153 581 2217 inquit,
610 2154 886 2213 ‘consules,
914 2153 1243 2216 ignominiae,
1272 2170 1379 2201 non
1407 2154 1623 2202 honoris

129 2253 279 2285 causa
325 2253 409 2284 me
455 2235 688 2298 primmn
738 2235 1022 2282 excitatum
1073 2235 1374 2298 iussumque
1436 2235 1618 2295 dicere,

129 2334 235 2366 non
270 2321 536 2380 tamquam
567 2320 873 2378 senatorem,
910 2316 1000 2364 sed
1035 2319 1300 2379 tamquam
1339 2333 1487 2365 reum
1523 2335 1622 2380 qua

130 2398 353 2446 infelicis
383 2398 508 2446 belli
539 2413 641 2460 qua
674 2397 1047 2460 ignominiosae
1080 2398 1231 2460 pacis.
1307 2415 1401 2460 ego
1425 2401 1616 2457 tamen,
1646 2418 1668 2453 4

127 2480 333 2543 quando
379 2496 544 2541 neque
599 2479 660 2527 de
714 2496 846 2528 noxa
899 2483 1081 2529 nostra
1127 2497 1292 2543 neque
1349 2481 1409 2528 de
1458 2496 1622 2541 poena

130 2561 421 2620 rettulistis,
451 2561 640 2608 omissa
674 2561 985 2622 defensione,
1020 2578 1146 2624 quae
1182 2579 1287 2609 non
1321 2561 1621 2609 difficillima

127 2645 260 2692 esset
304 2643 438 2703 apud
476 2642 612 2689 haud
656 2642 863 2703 ignaros
904 2643 1232 2691 fortunarum
1274 2643 1619 2690 humanarum
