1779 2897
190 147 263 220 38
774 163 906 203 TITI
961 163 1093 203 LIVI

187 275 246 321 tu
287 276 422 336 quod
465 276 642 336 petisti
687 293 780 339 per
831 278 1120 339 pactionem
1154 279 1372 338 ‘habeaS,
1417 281 1496 326 tot
1537 278 1673 327 cives

189 355 486 417 incolumes,
526 373 618 418 ego
659 375 850 419 pacem,
892 375 1045 419 quam
1088 359 1182 406 hos
1223 359 1319 406 tibi
1360 359 1673 406 remittendo

188 439 368 497 pactus
404 454 535 498 sum,
576 455 682 485 non
718 439 947 499 habeam,
989 440 1082 486 hoo
1119 442 1190 500 tu,
1228 441 1290 488 A.
1321 440 1541 500 Corneli,
1576 441 1672 487 hoc

118 538 165 565 10
187 534 293 577 vos,
322 518 536 578 fetiales,
566 519 696 566 iuris
726 520 967 580 gentibus
996 520 1165 567 dicitis
1182 523 1207 568 ⁶?
1266 537 1357 581 ego
1381 537 1504 568 vero
1528 520 1668 581 istos,

187 615 314 660 quos
347 599 465 646 dedi
497 600 769 661 simulatis,
799 618 892 648 nec
925 601 1115 662 accipio
1151 618 1243 649 neo
1282 601 1399 648 dedi
1429 601 1667 662 arbitror,

185 697 279 727 nec
331 697 521 742 moror,
580 699 680 743 quo
733 682 910 729 minus
960 682 1018 729 in
1071 682 1334 729 civitatem
1394 682 1673 743 obligatam

186 763 460 824 sponsione
510 764 784 812 commissa
830 764 977 811 iratis
1019 764 1258 811 omnibus
1299 764 1412 823 diis,
1453 780 1674 825 quorum

115 862 161 888 11
185 843 414 890 eluditur
448 861 660 905 numen,
702 846 932 894 redeant.
1020 845 1183 906 gerite
1218 845 1428 905 bellum,
1470 845 1673 906 quando

186 924 270 984 Sp.
293 924 594 972 Postumius
612 926 764 971 modo
782 927 1013 987 legatum
1032 925 1261 973 fetialem
1279 942 1416 987 genu
1433 925 1672 987 perculit.

183 1004 258 1051 ita
299 1004 372 1051 dii
408 1006 618 1052 credent
654 1006 943 1053 Samnitem
980 1006 1146 1053 civem
1183 1006 1526 1066 Postumium,
1565 1023 1673 1054 non

186 1085 352 1133 civem
411 1086 704 1133 Romanum
763 1103 886 1147 esse,
951 1090 1001 1135 ef,
1061 1103 1090 1134 a
1148 1087 1378 1135 Samnite
1441 1087 1672 1148 legatum

184 1165 482 1213 Romanum
498 1166 750 1214 violatum
771 1186 781 1215 :
815 1184 875 1215 eo
889 1168 1038 1215 vobis
1060 1168 1256 1215 iustum
1280 1168 1336 1214 in
1360 1184 1456 1214 nos
1477 1168 1672 1215 factum

113 1265 158 1292 12
185 1262 294 1293 esse
320 1246 532 1293 bellum.
601 1247 726 1294 haec
758 1248 983 1295 ludibria
1010 1248 1319 1310 religionum
1348 1265 1456 1296 non
1480 1249 1670 1309 pudere

182 1327 240 1374 in
281 1328 450 1375 lucem
493 1329 737 1389 proferre,
777 1331 830 1376 et
863 1329 952 1376 vix
993 1329 1166 1390 pueris
1208 1329 1392 1390 dignas
1432 1330 1672 1392 ambages

184 1425 333 1457 senes
391 1425 448 1456 ac
509 1409 806 1456 consulares
865 1410 1120 1456 fallendae
1187 1409 1310 1457 fidei
1368 1410 1669 1471 exquirere!

111 1505 160 1542 13
182 1489 214 1549 i,
242 1489 407 1549 lictor,
437 1490 583 1537 deme
608 1489 781 1537 vincla
809 1490 1089 1549 Romanis3
1133 1494 1362 1538 moratus
1397 1491 1464 1538 sii,
1498 1507 1666 1551 nemo,

183 1587 282 1631 quo
334 1570 525 1630 minus,
583 1570 671 1617 ubi
724 1571 897 1618 visiun
949 1571 1118 1631 fuerit,
1177 1572 1394 1620 abeant?
1487 1574 1537 1618 et
1590 1571 1670 1618 illi

183 1651 391 1712 quidem
424 1651 641 1698 forsitan
678 1653 728 1698 et
766 1651 983 1712 publica,
1021 1668 1113 1699 sua
1146 1654 1280 1699 certe
1316 1652 1534 1699 liberata
1569 1653 1668 1700 fide

181 1731 245 1779 ab
271 1732 461 1780 Caudio
488 1731 543 1778 in
570 1733 734 1779 eastra
762 1732 993 1779 Romana
1018 1732 1261 1780 inviolati
1283 1732 1560 1780 redierunt.

871 1987 979 2034 XII

180 2118 454 2170 Repentanee
492 2119 546 2171 of
570 2118 791 2159 Samnites
821 2120 905 2171 for
937 2120 1141 2172 rejectiny
1176 2120 1433 2162 Herennius
1468 2120 1665 2162 Pontius'

443 2177 599 2225 advice,
635 2178 726 2218 and
758 2178 872 2218 their
899 2180 1193 2231 ctnte'cipute'on
1224 2181 1279 2232 of
1301 2180 1394 2220 evil.

136 2321 153 2346 1
247 2296 567 2343 Samnitibus
599 2313 691 2357 pro
729 2299 946 2358 superba
979 2315 1097 2359 pace
1135 2299 1534 2347 infes'cissimum
1566 2317 1664 2347 cer-

180 2376 423 2423 nentibus
481 2381 718 2424 renatum
778 2378 974 2426 bellum
1040 2380 1227 2439 omnia,
1293 2397 1419 2441 quae
1479 2381 1664 2429 deinde

134 2479 151 2503 2
177 2459 476 2516 evenerunt,
530 2474 635 2503 non
682 2457 738 2503 in
791 2459 982 2506 animis
1035 2459 1202 2506 solum
1257 2461 1344 2507 sed
1397 2477 1554 2521 prope
1608 2462 1662 2508 in

179 2537 337 2583 oculis
379 2553 504 2597 esse,
551 2541 603 2584 eb
646 2555 755 2584 sero
804 2554 859 2585 ao
902 2540 1214 2600 nequiquam
1262 2540 1470 2588 laudare
1525 2541 1662 2588 senis

178 2617 335 2663 Ponti
368 2621 581 2679 utraque
618 2619 843 2678 consilia,
876 2620 1013 2667 inter
1045 2637 1172 2681 quae
1205 2637 1256 2666 se
1290 2622 1459 2668 media
1492 2621 1662 2691 lapsos
